1406 2047
275 270 327 299 245

277 518 329 545 250

301 861 332 888 55

284 1107 335 1135 260

290 1599 343 1628 270

348 97 410 132 ⁴44
697 98 970 129 IUVENALIS

346 167 522 207 continuo,
541 175 706 212 tanquam
721 171 753 200 et
768 166 906 200 tubicen
921 165 1106 200 surrexerit
1119 176 1196 201 una.

346 216 439 263 Ergo
454 216 583 263 ignem,
600 216 701 250 cuius
716 214 884 250 scintillas
898 215 971 261 ipse
984 214 1121 256 dedisti,

347 264 550 312 flagrantem
566 264 630 300 late
647 270 679 299 et
693 265 883 310 rapientem
896 269 1017 299 cuncta
1033 263 1178 299 videbis.

348 315 418 349 Nec
432 314 493 349 tibi
509 319 665 360 parcetur
679 315 816 355 misero,
834 313 1078 360 trepidumque
1092 313 1299 360 magistrum

350 364 387 398 in
405 374 507 398 cavea
523 374 651 411 magno
665 363 804 398 fremitu
819 363 870 398 leo
884 362 977 398 tollet
989 363 1167 398 alumnus.

349 413 435 447 Nota
452 413 702 448 mathematicis
715 413 854 460 genesis
868 418 944 447 tua:
973 411 1033 447 sed
1047 423 1162 459 grave,
1180 410 1293 446 tardas

349 467 547 507 exspectare
563 462 673 497 colus.
702 463 857 497 Morieris
873 462 1020 497 stamine
1034 462 1189 497 nondum

349 511 509 557 abrupto.
550 512 622 546 Iam
638 522 731 546 nunc
743 511 859 546 obstas
873 517 905 546 et
919 515 994 546 vota
1009 511 1172 546 moraris:

350 560 420 595 iam
435 566 569 606 torquet
584 562 745 596 iuvenem
759 560 861 608 longa
875 566 907 595 et
919 561 1054 595 cervina
1070 564 1236 595 senectus

350 609 456 645 Ocius
477 609 694 658 Archigenen
714 621 851 657 quaere,
874 615 976 656 atque
991 621 1077 651 eme.
1096 608 1190 656 quod
1204 606 1339 643 Mithri-

885 659 981 693 dates

351 708 556 752 composuit,
574 708 603 741 si
618 708 672 740 vis
687 706 789 741 aliam
805 716 1007 750 concerpere
1021 706 1139 746 ficum,

353 761 455 802 atque
481 755 566 790 alias
592 761 734 791 tractare
755 766 862 790 rosas.
907 753 1121 789 Medicamen
1140 752 1340 789 habendum

887 808 950 845 est,

353 853 490 889 sorbere
505 859 582 889 ante
595 854 713 888 cibum
727 853 823 900 quod
841 853 962 889 debeat
975 857 1006 887 et
1020 857 1114 899 pater
1128 857 1159 887 et
1174 863 1243 887 rex.

353 903 506 939 Monstro
521 903 732 949 voluptatem
745 904 932 951 egregiam,
949 903 1005 938 cui
1020 901 1116 937 nulla
1131 902 1272 943 theatra,

355 952 451 988 nulla
467 964 613 999 aequare
631 964 738 1000 queas
755 953 922 988 Praetoris
938 952 1070 998 pulpita
1084 951 1185 986 lauti:

355 1002 385 1037 si
400 1008 545 1048 spectas,
562 1008 693 1049 quanto
705 1003 826 1049 capitis
839 1002 1041 1037 discrimine
1057 1006 1214 1036 constant

356 1052 564 1087 incrementa
580 1052 718 1092 domus,
735 1057 846 1088 aerata
860 1051 994 1087 multus
1009 1051 1045 1086 in
1059 1061 1134 1085 arca

356 1100 472 1142 fiscus,
489 1107 521 1136 et
541 1102 583 1137 ad
597 1102 739 1149 vigilem
754 1101 905 1149 ponendi
921 1101 1059 1137 Castora
1074 1099 1186 1141 numi,

356 1160 399 1185 ex
417 1161 488 1196 quo
502 1151 593 1185 Mars
608 1152 698 1187 ultor
710 1152 845 1199 galeam
860 1161 1001 1198 quoque
1014 1149 1174 1196 perdidit,
1192 1154 1224 1184 et
1237 1159 1291 1185 res

356 1209 426 1234 non
443 1199 553 1244 potuit
567 1210 704 1234 servare
717 1212 813 1234 suas.
853 1202 946 1245 Ergo
960 1200 1076 1234 omnia
1095 1198 1215 1234 Florae

357 1253 390 1282 et
404 1247 536 1282 Cereris
551 1247 628 1283 licet
640 1253 672 1283 et
686 1248 832 1295 Cybeles
847 1248 965 1282 aulaea
980 1248 1175 1292 relinquas:

357 1301 452 1331 tanto
466 1297 612 1331 maiores
625 1297 780 1331 humana
795 1298 930 1343 negotia
946 1295 1031 1330 ludi.

359 1344 414 1381 An
428 1346 541 1393 magis
558 1344 730 1381 oblectant
743 1346 901 1380 animum
919 1346 1038 1380 iactata
1051 1349 1192 1390 petauro

360 1405 513 1441 corpora,
529 1396 662 1442 quique
676 1394 786 1430 solent
801 1400 932 1430 rectum
947 1394 1150 1429 descendere
1164 1392 1294 1435 sunem,

361 1456 468 1491 quam
483 1450 533 1486 tu,
550 1445 696 1493 Corycia
709 1455 848 1491 semper
860 1444 922 1491 qui
936 1454 1052 1490 puppe
1065 1443 1210 1478 moraris

362 1499 466 1540 atque
479 1494 628 1536 habitas,
645 1495 731 1530 Coro
744 1505 881 1540 semper
893 1492 1065 1529 tollendus
1082 1497 1114 1527 et
1128 1492 1255 1528 Austro

362 1542 532 1589 perditus,
551 1555 572 1579 a
585 1544 711 1580 Siculis
726 1545 814 1579 sacci
830 1547 994 1579 mercator
1007 1541 1147 1585 olentis;

363 1593 424 1639 qui
440 1592 584 1639 gaudes,
602 1593 726 1640 pingui
741 1594 903 1640 antiquae
915 1592 959 1628 de
971 1591 1067 1627 litore
1082 1591 1200 1626 Cretae

364 1653 510 1689 passum
525 1647 557 1678 et
569 1643 764 1690 municipes
779 1643 870 1679 Iovis
883 1642 1062 1678 advexisse
1080 1639 1242 1688 lagenas?

364 1691 428 1726 Hic
440 1696 569 1734 tamen,
586 1693 727 1739 ancipiti
741 1693 851 1740 figens
865 1691 1008 1739 vestigia
1025 1690 1153 1737 planta,

367 1742 498 1777 victum
512 1741 572 1777 illa
585 1742 741 1779 mercede
757 1747 864 1791 parat,
885 1742 1117 1788 brumamque
1129 1739 1327 1785 famemque
