1406 2047
295 130 336 162 52
649 131 927 161 IUVENALIS

290 198 348 233 dat
361 209 508 245 poenas;
538 203 671 234 noctem
687 198 814 245 patitur
830 197 981 247 lugentis
995 200 1146 235 amicum

217 255 269 283 230
290 248 437 290 Pelidae,
459 248 563 283 cubat
581 249 616 283 in
631 248 764 290 faciem,
785 259 867 283 mox
881 249 1003 284 deinde
1017 250 1184 295 supinus:

292 296 387 346 [ergo
402 309 470 332 non
485 298 582 333 aliter
595 298 719 344 poterit
733 297 907 332 dormire?
933 296 1166 346 Quibusdam]

290 358 456 384 somnum
471 349 546 382 rixa
564 346 656 382 facit.
685 347 751 382 Sed
765 348 929 394 quamvis
945 348 1124 394 improbus
1139 347 1240 382 annis

291 401 395 442 atque
409 408 503 431 mero
517 396 666 438 fervens,
682 402 779 432 cavet
792 397 899 440 hune,
916 409 1021 443 quem
1035 398 1171 432 coccina
1185 397 1282 432 laena

289 447 393 481 vitari
408 446 516 488 iubet,
534 451 566 481 et
579 447 747 481 comitum
762 446 992 494 longissimus
1005 446 1100 488 ordo,

217 502 268 530 285
289 495 442 530 multum
457 502 631 542 praeterea
645 495 866 531 flammarum
881 502 913 531 et
926 498 1029 532 ae'nea
1048 496 1199 542 lampas:

291 556 359 586 me,
381 556 487 591 quem
504 545 586 580 luna
601 545 686 580 solet
703 546 873 581 deducere
886 546 941 581 vel
955 546 1060 581 breve
1078 545 1197 581 lumen

290 593 464 637 candelae,
486 596 586 630 cuius
600 595 765 642 dispenso
779 602 811 630 et
824 601 976 642 tempero
992 596 1105 638 filum,

289 644 492 679 contemnit.
534 646 679 680 Miserae
691 656 859 693 cognosce
873 646 1047 692 prooemia
1061 646 1168 686 rixae,

290 694 320 728 si
336 694 412 728 rixa
425 699 486 736 est,
505 694 568 729 ubi
582 700 619 730 tu
634 695 766 741 pulsas,
783 707 846 743 ego
861 696 989 742 vapulo
1004 701 1150 730 tantum.

216 749 267 776 290
288 743 359 778 Stat
374 749 490 779 contra
504 745 658 790 starique
671 746 782 780 iubet:
812 757 931 790 parcre
946 756 1083 780 necesse
1097 750 1159 778 est.

287 792 377 826 Nam
393 793 480 837 quid
495 805 590 839 agas,
606 805 719 837 quum
734 800 766 827 te
778 793 932 828 furiosus
945 798 1045 839 cogat
1057 798 1089 826 et
1103 792 1196 826 idem
1234 795 1237 797 ’

289 840 437 875 fortior?
463 842 558 875 Unde
570 840 691 874 venis?
716 841 905 874 exclamatr
937 846 1035 874 aniius
1052 847 1160 880 aceto,

290 893 388 925 cuius
402 891 525 924 conche
540 887 671 923 tumes?
700 893 776 933 quis
791 895 899 923 tecum
911 890 1026 922 sectile
1040 899 1186 932 porrum

290 946 388 974 sutor
400 945 431 973 et
445 941 533 973 elixi
544 941 695 973 vervecis
709 940 809 973 labra
827 936 994 972 comedit?

217 995 268 1024 295
289 989 351 1024 Nil
368 986 670 1032 mihircspondes?
696 988 764 1022 Aut
783 990 850 1029 dic,
868 992 1058 1033 aulaccipe
1073 988 1218 1023 calcem!

289 1039 370 1078 Ede,
387 1039 446 1071 ubi
460 1041 644 1073 consistas:
674 1041 711 1072 in
725 1050 794 1082 qua
812 1044 841 1072 te
855 1049 982 1083 quaero
993 1036 1210 1082 proseucha?

289 1087 407 1121 Dicere
421 1087 451 1120 si
466 1092 574 1122 tentes
589 1086 736 1134 aliquid,
754 1087 921 1122 tacitusve
938 1087 1087 1128 recedas,

288 1135 509 1171 tantumdem
527 1142 595 1179 est3
626 1137 753 1182 pariter
772 1136 917 1171 feriunt:
947 1136 1148 1172 vadimonia
1159 1135 1286 1172 deinde

291 1186 368 1220 irati
382 1184 522 1220 faciunt.
562 1185 719 1219 Libertas
733 1186 896 1230 pauperis
914 1186 998 1219 haec
1009 1192 1078 1220 est:

218 1242 270 1270 300
290 1235 450 1282 pulsatus
469 1239 577 1281 rogat,
595 1239 627 1268 et
640 1234 771 1280 pugnis
785 1234 945 1268 concisus
960 1233 1088 1274 adorat,

290 1290 330 1320 ut
347 1284 445 1319 liceat
458 1284 578 1329 paucis
596 1295 675 1318 cum
692 1283 856 1318 dentibus
871 1282 952 1317 inde
966 1283 1102 1318 reverti.

290 1335 361 1369 Nec
375 1339 490 1368 tamen
505 1333 571 1368 hoc
584 1338 721 1368 tantum
738 1338 891 1367 metuas:
921 1343 1014 1372 nam,
1030 1332 1092 1378 qui
1107 1331 1229 1377 spoliet
1239 1337 1281 1372 te,

291 1394 361 1418 non
376 1382 494 1422 deerit,
517 1381 645 1416 clausis
658 1382 823 1416 domibus
835 1386 1021 1427 postquam
1029 1381 1143 1416 omnis
1151 1381 1286 1428 ubique

293 1432 362 1467 fixa
376 1436 548 1467 catenatae
563 1431 661 1466 siluit
674 1442 842 1477 compago
857 1431 1028 1466 tabernae.

219 1489 270 1516 305
291 1481 471 1518 Interdum
486 1486 518 1516 et
532 1479 620 1516 ferro
632 1481 771 1516 subitus
789 1485 962 1527 grassator
975 1481 1045 1528 agit
1058 1491 1142 1524 rem,

292 1536 424 1567 armato
441 1531 577 1577 quoties
592 1536 684 1566 tutae
697 1530 837 1565 custode
856 1535 1013 1565 tenentur

293 1586 326 1616 et
339 1581 498 1615 Pomtina
513 1580 615 1626 palus
628 1586 661 1615 et
674 1579 864 1615 Gallinaria
878 1580 997 1626 pinus.

294 1630 351 1666 Sic
365 1629 446 1665 inde
468 1630 539 1665 huc
551 1641 685 1672 omnes,
709 1635 890 1676 tamquam
905 1629 948 1665 ad
960 1628 1103 1670 vivaria,
1123 1634 1281 1663 currunt.

294 1679 369 1723 Qua
384 1678 521 1715 fornace
533 1691 670 1727 graveS,
687 1691 757 1726 qua
771 1691 840 1715 non
855 1678 978 1715 incude
995 1677 1155 1714 catenae?

222 1735 274 1764 310
295 1729 472 1765 Maximus
487 1730 523 1765 in
537 1730 663 1765 vinclis
679 1729 759 1765 ferri
774 1729 911 1771 modus,
926 1734 966 1764 ut
979 1729 1113 1769 timeas,
1129 1738 1173 1763 ne

295 1791 415 1816 vomer
427 1779 574 1822 deficiat,
592 1792 636 1816 ne
650 1791 784 1816 marrae
795 1785 828 1816 et
841 1778 975 1815 sarcula
989 1777 1115 1814 desint.
