1406 2047
336 91 378 124 58
684 94 963 124 IUVENALIS

265 165 316 196 145
335 158 442 195 concil
450 159 491 201 io,
513 169 602 206 quos
611 158 783 195 Albanam
797 160 871 195 dux
884 171 1034 207 magnus
1048 160 1082 196 in
1098 172 1210 197 arcem

269 414 319 441 150

275 1396 307 1423 10

276 1643 308 1670 15

339 215 488 244 traxerat
499 209 682 251 adtonitos,
700 215 732 244 et
747 209 908 245 festinare
919 215 1064 251 coactos,

337 265 517 305 tamquam
531 258 573 294 de
587 259 693 294 Cattis
708 258 843 305 aliquid
856 260 1030 305 torvisque
1043 260 1248 307 Sygambris

339 308 507 349 dicturus,
530 313 710 354 tamquam
725 320 742 343 e
756 308 903 343 diversis
914 309 1070 354 partibus
1084 309 1179 343 orbis

340 358 443 392 anxia
458 358 634 403 praecipiti
647 358 799 393 venisset
812 357 952 403 epistola
971 369 1096 403 penna.

388 406 501 452 Atque
516 407 650 441 utinam
665 407 720 441 his
735 407 849 452 potius
868 407 971 453 nugis
985 412 1051 441 tota
1066 406 1123 441 illa
1137 405 1287 442 dedisset

340 460 492 501 tempora
507 456 679 497 saevitiae,
695 455 804 491 claras
819 456 949 502 quibus
962 455 1104 491 abstulit
1118 456 1200 491 Urbi

341 505 565 552 illustresque
578 505 712 540 animas
728 506 871 551 impune
885 510 917 541 et
933 505 1069 540 vindice
1083 504 1197 540 nullo!

340 553 407 589 Sed
420 555 531 600 periit,
549 559 734 601 postquam
748 554 955 589 cerdonibus
969 566 1044 590 esse
1057 554 1232 590 timendus

340 609 503 651 coeperat.
543 604 614 640 Hoc
633 604 750 640 nocuit
763 604 964 640 Lamiarum
976 604 1078 641 caede
1096 604 1260 640 madenti.

629 722 941 761 SATIRA
983 724 1038 760 V.

343 801 397 826 AR
407 802 440 825 G.
461 800 632 824 Describitur
648 800 743 823 misera
756 801 930 830 parasitorum
949 804 975 823 ct
989 800 1129 823 clientium
1141 800 1170 824 in
1185 801 1273 824 coenis
1286 801 1327 824 di-

630 841 729 864 tiorum
742 841 908 865 dominorum
923 840 1049 864 conditio.

393 888 438 930 Si
457 899 489 930 te
502 893 669 942 propositi
689 893 847 929 nondum
866 892 991 939 pudet,
1016 898 1120 940 atque
1137 893 1258 930 eadem
1278 900 1329 931 est

876 954 988 984 mem,

342 998 380 1029 ut
393 993 483 1029 bona
503 1004 642 1028 summa
656 997 769 1039 putes,
786 992 897 1028 aliena
911 993 1028 1027 vivere
1045 991 1197 1038 quadra3

342 1044 371 1078 si
385 1048 480 1089 potes
494 1043 553 1077 illa
568 1043 650 1089 pati,
666 1054 756 1089 quae
768 1054 830 1077 nec
845 1042 1046 1077 Sarmentus
1065 1042 1204 1088 iniquas

343 1093 498 1127 Caesaris
516 1092 560 1127 ad
574 1104 724 1134 mensas,
742 1104 804 1128 nec
817 1092 898 1127 vilis
917 1090 1025 1127 Galba
1044 1090 1198 1128 tulisset:

342 1142 505 1188 quamvis
522 1142 632 1177 iurato
647 1147 800 1177 metuam
814 1142 877 1176 tibi
889 1141 1026 1176 credere
1039 1142 1127 1176 testi.

343 1191 469 1226 Ventre
484 1190 570 1226 nihil
585 1191 665 1225 novi
681 1190 866 1237 frugalius.
907 1191 977 1224 Hoc
993 1197 1107 1226 tamen
1123 1191 1240 1236 ipsum

344 1240 507 1275 defecisse
522 1245 616 1286 puta,
638 1239 732 1286 quod
747 1239 841 1274 inani
856 1238 984 1273 sufficit
996 1238 1092 1273 alvo:

346 1289 440 1324 nulla
461 1289 600 1335 crepido
619 1288 740 1324 vacat‘?
766 1299 942 1333 nusquam
964 1298 1051 1333 pons
1071 1292 1103 1321 et
1116 1287 1236 1334 tegetis
1251 1298 1330 1334 pars

345 1338 490 1373 dimidia
503 1338 662 1373 brevior?
688 1338 832 1372 Tantine
845 1337 972 1371 iniuria
984 1335 1131 1371 coenae?

345 1393 414 1423 tam
431 1388 545 1423 ieiuna
560 1385 692 1422 fames?
717 1397 829 1431 quum
843 1385 899 1431 pol
913 1386 958 1419 sit
970 1385 1161 1427 honestius,
1177 1385 1248 1421 illic

345 1443 378 1472 et
391 1443 536 1472 tremere
549 1442 580 1471 et
594 1435 712 1471 sordes
726 1435 826 1469 farris
840 1434 996 1470 mordere
1013 1435 1140 1470 canini.

396 1487 512 1521 Primo
527 1486 594 1533 fige
609 1485 693 1527 loco,
711 1484 806 1531 quod
820 1490 857 1520 tu
870 1484 1089 1519 discumbere
1107 1485 1225 1519 iussus

346 1535 539 1571 mercedem
559 1534 707 1570 solidam
722 1539 878 1569 veterum
891 1534 984 1580 capis
998 1533 1200 1569 officiorum.

346 1586 495 1621 Fructus
510 1584 679 1620 amicitiae
696 1595 843 1631 magnae
855 1584 967 1619 cibus.
994 1584 1143 1630 Imputat
1156 1584 1250 1618 hunc
1257 1594 1329 1623 rex,

346 1640 389 1676 et,
408 1634 571 1681 quamvis
586 1646 716 1676 rarum,
734 1639 850 1669 tamen
867 1634 1022 1679 imputat.
1049 1633 1141 1681 Ergo
1154 1633 1242 1670 duos
1256 1638 1333 1680 post

347 1685 376 1719 si
391 1683 493 1719 libuit
506 1695 643 1720 menses
659 1684 853 1732 neglectum
867 1683 974 1719 accire
986 1682 1156 1725 clientem.

348 1734 445 1770 tertia
458 1745 501 1770 ne
514 1745 624 1770 vacuo
637 1739 783 1771 cessaret
795 1733 920 1770 culcita
933 1732 1033 1769 lecto:
