1406 2047
317 126 359 158 70
670 127 947 159 IUVENALIS

316 195 424 230 uteris
438 195 474 229 in
492 195 601 230 turba.
640 194 732 237 Quid
747 195 840 230 enim
857 206 924 230 non
939 195 1059 230 excitet
1076 196 1205 242 inguen

318 256 388 280 vox
413 244 542 279 blanda
572 250 604 280 et
630 244 809 290 nequam?
834 244 959 291 digitos
986 245 1097 280 habet.
1134 246 1175 280 Ut
1190 251 1303 279 tamen

851 305 971 328 omnes

319 342 503 377 subsidant
515 353 661 388 pennae,
681 342 775 377 dieas
789 343 873 377 haec
887 343 1029 377 mollius
1042 343 1170 378 Haemo

317 402 535 438 quamquam
543 392 814 438 etCarpophoro⁷
827 391 928 427 facies
938 398 993 427 tua
1001 398 1175 438 computat
1183 403 1301 428 annos.

245 448 298 475 200
368 441 403 476 Si
417 442 479 476 tibi
495 441 659 488 legitimis
677 447 811 487 pactam
827 442 1051 488 iunctamque
1065 441 1198 476 tabellis

317 501 388 525 non
402 502 439 525 es
453 496 645 532 amaturus⁷
663 491 812 526 (lucendi
827 491 923 526 nulla
940 491 1075 526 videtur

317 550 436 582 causa3
467 551 530 574 nec
543 545 605 581 est,
622 551 728 586 quare
746 552 887 575 coenam
906 546 938 575 et
951 546 1124 575 mustacea
1136 540 1270 587 perdas,

317 587 452 623 labente
465 588 588 630 officio,
605 589 722 623 crudis
736 590 912 632 donanda3
943 601 1005 624 nec
1019 590 1118 632 illud,

317 638 412 683 quod
426 640 536 683 prima
552 650 614 684 pro
629 644 725 673 nocte
737 639 849 680 datur,
868 650 980 684 quum
999 639 1095 674 lance
1109 640 1205 674 beata

246 692 296 720 205
313 687 456 721 Dacicus
471 693 503 722 et
517 688 642 732 scripto
657 688 764 721 radiat
780 688 1007 722 Germanicus
1023 699 1119 722 auro.

317 735 353 769 Si
368 736 429 769 tibi
446 736 652 780 simplicitas
666 737 801 775 uxoria,
818 736 956 769 deditus
971 736 1033 768 uni

317 789 368 818 est
383 785 540 827 animus3
569 784 735 818 submitte
748 789 849 828 caput
863 783 993 817 cervice
1012 786 1128 828 parata

317 832 405 867 ferre
419 833 561 879 iugum:
592 832 725 867 nullam
741 833 908 874 invenies,
926 843 1016 878 quae
1028 837 1144 878 parcat
1161 834 1303 869 amanti.

316 882 442 917 Ardeat
456 883 530 928 ipsa
545 882 632 923 licet,
650 882 829 916 tormentis
842 882 968 929 gaudet
986 882 1134 917 amantis

245 937 296 965 210
317 936 349 966 et
363 931 500 977 spoliis.
543 932 653 979 Igitur
668 931 768 979 longe
781 932 901 966 minus
916 931 1011 965 utilis
1026 931 1076 965 illi

318 992 418 1022 uxor,
436 981 601 1027 quisquis
614 981 677 1016 erit
691 982 804 1016 bonus
818 981 1061 1027 optandusque
1075 981 1230 1016 maritus.

317 1029 374 1064 Nil
390 1041 560 1075 umquam
576 1031 682 1065 invita
697 1031 843 1065 donabis
859 1031 1024 1077 coniuge:
1054 1029 1184 1065 vendes

317 1078 382 1113 hac
395 1079 552 1114 obstante
566 1080 672 1114 nihil:
702 1080 802 1121 nihil,
821 1080 903 1115 haec
922 1080 951 1114 si
967 1079 1064 1121 nolit,
1082 1084 1224 1115 emetur.

317 1128 406 1162 Haec
420 1128 516 1162 dabit
531 1129 688 1163 affectus:
718 1129 776 1163 ille
790 1129 992 1163 excludetur
1007 1129 1141 1163 amicus

246 1183 296 1211 215
318 1177 386 1211 iam
402 1178 528 1219 senior,
545 1178 645 1212 cuius
659 1177 803 1211 barbam
819 1182 876 1211 tua
893 1178 994 1210 ianua
1009 1177 1108 1210 vidit.

318 1226 479 1261 Testandi
493 1238 603 1271 quum
620 1227 664 1259 sit
679 1226 862 1259 lenonibus
878 1230 980 1269 atque
994 1224 1129 1258 lanistis

317 1274 470 1316 libertas,
489 1280 521 1309 et
535 1275 620 1308 iuris
636 1273 726 1307 idem
742 1274 916 1320 contingat
934 1284 1074 1316 arenae3

318 1335 388 1359 non
402 1335 495 1359 unus
510 1323 573 1357 tibi
592 1322 710 1357 rivalis
724 1321 908 1357 dictabitur
922 1322 1031 1356 lieres.
1047 1341 1096 1347 —

319 1374 407 1408 Pone
422 1384 556 1408 crucem
568 1383 675 1407 servo.
714 1371 862 1406 »Meruit
877 1382 948 1417 quo
961 1371 1106 1405 crimine
1119 1380 1242 1405 servus

247 1429 298 1457 220
319 1421 560 1468 supplicium?
585 1424 666 1467 quis
682 1421 776 1455 testis
790 1420 908 1455 adest‘?
935 1420 1015 1466 quis
1029 1418 1172 1454 detulit?
1198 1419 1302 1461 Audi,

319 1471 416 1507 nulla
430 1482 602 1517 umquam
610 1470 652 1504 de
660 1475 768 1504 morte
775 1469 927 1504 hominis
935 1469 1103 1504 cunctatio
1112 1468 1213 1515 longa
1222 1474 1280 1504 est.
1290 1483 1306 1503 «

320 1521 349 1556 0
364 1524 508 1561 demens,
524 1524 575 1555 ita
588 1531 706 1554 servus
719 1522 815 1553 homo
829 1518 902 1553 est?
929 1519 989 1554 Nil
1000 1522 1129 1563 fecerit,
1146 1524 1232 1553 esto:

319 1572 379 1605 hoc
392 1572 479 1610 volo,
495 1573 544 1604 sic
558 1571 671 1611 iubeo;
699 1572 742 1603 sit
753 1580 818 1612 pro
834 1571 965 1603 ratione
977 1570 1144 1602 voluntas.

371 1619 521 1663 Imperat
534 1629 615 1665 ergo
629 1618 722 1661 vii-03
752 1617 813 1652 sed
827 1629 909 1653 mox
923 1617 1004 1652 haec
1012 1628 1115 1663 regna
1125 1615 1302 1663 relinquit,

247 1674 298 1703 225
318 1672 560 1714 permutatque
574 1667 707 1708 dOmOS‚
725 1672 756 1702 et
774 1666 931 1702 flammea
945 1666 1106 1702 conterit:
1135 1665 1216 1702 indo

321 1715 468 1757 advolat,
484 1720 517 1751 et
530 1717 634 1762 spreti
649 1717 769 1761 repetit
786 1717 929 1763 vestigia
944 1715 1032 1751 lecti.

320 1763 465 1800 Ornatas
480 1765 583 1810 paulo
596 1765 787 1808 anteferes,
804 1766 988 1812 pendentia
1002 1765 1135 1812 linquet
