1406 2047
324 165 366 197 38
676 168 953 199 IUVENALIS

322 235 384 281 qui
400 234 525 270 Curios
538 233 708 269 simulant
721 240 753 269 et
765 234 988 271 Bacchanalia
1001 235 1144 272 vivunt:

321 284 448 319 indocti
463 285 636 330 primum3
666 296 883 331 quamquam
898 284 996 331 plena
1009 287 1126 321 omnia
1139 297 1254 334 gypso

249 341 263 366 5
321 333 415 381 Chry
418 334 509 379 sippi
526 333 586 368 inv
588 334 695 368 enias.
714 335 802 368 Nam
816 333 1086 380 perfectissimus
1100 336 1226 372 horum
1241 343 1303 379 est,

248 585 282 613 10

247 832 280 860 15

247 1077 281 1105 20

251 1325 282 1352 23

320 383 349 417 si
365 383 446 429 quis
461 382 678 417 Aristotelem
693 383 845 418 similem
865 383 916 418 vel
932 384 1080 420 Pittacon
1098 386 1192 427 emit,

319 437 351 466 et
367 432 460 466 iubet
475 432 679 479 archetypos
691 432 849 479 pluteum
865 444 1002 469 servare
1015 434 1212 470 Cleanthas.

319 481 437 516 Fronti
453 481 548 516 nulla
564 482 661 516 fides.
702 482 789 525 Quis
806 483 899 518 enim
916 495 984 519 non
1003 483 1102 519 vicus
1115 484 1269 520 abundat

321 530 478 565 tristibus
495 531 700 566 obscoenis?
726 532 882 579 Castigas
895 534 1018 579 turpia,
1032 545 1144 579 quum
1159 535 1207 570 sis

320 580 408 614 inter
422 579 610 615 Socraticos
625 581 804 616 notissima
820 582 909 617 fossa
926 583 1112 620 cinaedos?

320 628 463 674 Hispida
485 630 639 664 membra
660 631 802 686 quidem
818 637 850 666 et
864 631 971 666 durae
984 643 1044 678 per
1062 633 1201 668 brachia
1216 638 1306 668 setae

318 679 525 724 promittunt
541 684 689 714 atrocem
703 681 881 724 animum;
911 682 971 716 sed
985 681 1105 737 podice
1121 681 1187 717 levi

318 727 509 762 caeduntur
521 729 686 770 tumidae.
704 730 839 766 medico
853 709 995 772 ridente,
1013 731 1191 766 mariscae.

320 777 430 811 Rarus
444 788 558 811 sermo
573 778 642 811 illis
656 784 686 812 et
701 790 825 824 magna
841 779 961 813 lubido
975 780 1120 819 tacendi,

319 830 422 871 atquc
440 826 625 880 supercilio
643 827 780 860 brevior
793 837 903 860 coma.
948 826 1073 860 Verius
1091 837 1174 873 ergo

319 880 350 909 et
365 874 476 922 magis
492 875 642 920 ingenue
657 875 883 909 Peribomius.
924 875 1024 910 Hunc
1037 886 1101 922 ego
1114 875 1193 911 satis

320 925 466 969 imputo,
483 924 546 969 qui
562 924 663 959 vultu
678 924 865 959 morbum
856 935 1064 971 incessuque
1056 903 1208 960 &fatetun

320 974 453 1008 Horum
467 973 672 1019 simplicitas
692 973 919 1016 miserabilis;
950 974 1005 1009 his
1019 973 1138 1009 furor
1131 986 1204 1022 ipse

321 1023 379 1057 dat
395 1024 549 1058 veniam:
579 1023 639 1058 sed
654 1024 797 1069 peiores,
813 1024 875 1070 qui
889 1022 969 1058 talia
984 1024 1101 1059 verbis

320 1072 475 1106 Herculis
490 1073 673 1115 invadunt,
691 1078 734 1115 et,
752 1073 795 1108 de
809 1074 935 1109 virtute
949 1073 1097 1120 loquuti,

320 1121 458 1156 clunem
474 1123 618 1167 agitant.
667 1101 742 1167 ’Eyo
757 1129 786 1158 te
801 1129 978 1164 cezentem,
1007 1123 1122 1165 Sexte,
1144 1122 1309 1159 verebor?

323 1170 464 1205 insaniis
479 1166 505 1205 V
505 1159 630 1205 Jirillus
645 1172 708 1205 ait:
729 1182 796 1214 quo
809 1175 957 1206 deterior
972 1172 1027 1206 le?

324 1219 527 1266 Loripedem
546 1225 659 1255 rectus
672 1219 836 1260 derideat,
853 1220 1055 1265 Aethiopem
1070 1220 1184 1254 albus.

323 1268 410 1311 Quis
425 1269 541 1304 tulerit
555 1269 727 1304 Gracchos
741 1269 784 1304 de
798 1268 966 1304 seditione
980 1268 1188 1315 querentes?

321 1319 402 1365 quis
415 1318 550 1353 coelum
566 1319 663 1353 terris
678 1329 746 1353 non
761 1319 901 1352 misceat
914 1323 946 1352 et
959 1330 1053 1353 mare
1067 1318 1171 1360 coelo,

325 1369 353 1401 si
373 1367 428 1402 sur
440 1367 619 1412 displiceat
631 1368 741 1405 Verri,
758 1367 931 1402 homicida
946 1367 1077 1408 Miloni,

323 1416 466 1453 Clodius
481 1422 615 1451 accuset
630 1416 801 1458 moechos,
819 1416 964 1452 Catilina
979 1416 1194 1464 Cethegum‘.>

326 1467 360 1501 in
376 1465 530 1501 tabulam
545 1465 661 1500 Sullae
674 1466 703 1499 si
716 1465 832 1500 dicant
844 1465 1006 1512 discipuli
1026 1466 1116 1501 tres‘?

324 1515 440 1561 qualis
455 1520 526 1550 erat
539 1526 649 1561 nuper
663 1516 791 1561 tragico
805 1514 957 1560 pollutus
971 1514 1104 1550 adulter

254 1572 268 1598 3
325 1565 525 1606 concubitu,
542 1565 605 1610 qui
619 1570 703 1599 tunc
717 1565 808 1611 leges
823 1564 1001 1599 revocabat
1018 1575 1150 1599 amaras

326 1614 504 1654 omnibus,
521 1619 624 1659 atquc
638 1614 723 1659 ipsis
738 1614 861 1649 Veneri
876 1614 1044 1660 Martique
1058 1612 1242 1656 timendas,

327 1674 439 1710 quum
458 1668 504 1698 tot
517 1662 682 1698 abortivis
698 1663 879 1698 fecundam
896 1662 979 1698 Iulia
993 1662 1133 1698 vulvam

328 1712 485 1753 solveret,
503 1717 535 1747 et
548 1718 670 1759 patruo
685 1713 818 1748 similes
832 1712 1018 1747 effunderet
1032 1711 1128 1747 ossas.

328 1763 451 1797 Nonne
465 1762 572 1809 igitur
586 1763 660 1797 iure
674 1773 711 1797 ac
726 1763 847 1798 merito
862 1762 942 1797 vitia
960 1762 1083 1797 ultima
1103 1760 1197 1796 fictos

258 1818 291 1846 35
329 1817 553 1847 contemnunt
566 1811 724 1855 Scauros,
745 1817 778 1848 et
794 1812 957 1860 castigata
971 1811 1189 1848 remordent‘?
