1406 2047
438 89 628 118 SATIRA
658 88 699 118 Π,
1017 85 1059 119 39

126 156 202 190 Non
216 153 294 189 tulit
307 163 350 188 ex
365 153 433 188 illis
453 159 592 189 torvum
609 153 778 190 Lauronia
794 152 982 199 quemdam

75 205 278 240 clamantem
293 203 409 238 toties:
443 205 507 238 Ubi
524 217 612 239 nunc
628 207 684 239 lex
707 202 825 238 Iulia?
850 202 1006 240 dormis?

76 254 129 289 Ad
142 264 246 299 quem
261 253 464 288 subridens:
494 255 625 289 Felicia
640 261 801 297 tempora,
820 265 907 297 quae
923 259 954 287 te

74 305 223 337 moribus
236 304 425 346 opponunt!
452 304 582 338 Habeat
596 307 666 338 iam
681 304 783 338 Roma
794 303 979 346 pudorem!

79 353 210 386 Tertius
225 363 241 386 e
257 354 347 387 coelo
361 356 480 387 cecidit
499 353 590 387 Cato.
632 353 698 388 Sed
713 358 824 387 tamen
840 354 929 387 unde

75 403 155 436 haec
171 405 262 441 emis,
279 404 410 437 hirsuto
422 406 556 446 spirant
570 404 788 446 opobalsama
805 403 891 436 collo

75 462 161 494 quae
175 450 262 485 tibi?
288 453 338 487 Ne
349 455 476 496 pudeat
490 455 662 486 dominum
681 457 873 486 monstrare
888 452 1059 486 tabernae.

78 500 174 541 Quod
187 503 218 534 si
234 508 406 535 veoeautur
421 504 508 545 leqes
522 513 564 535 ac
578 505 668 540 iura,
686 504 790 535 citari

73 555 152 583 ante
166 560 276 584 omnes
289 553 382 584 debet
399 550 569 585 Scatinia.
610 550 749 593 Respice
759 552 910 593 primum

75 604 105 632 et
119 604 275 633 scrutare
289 602 398 633 viros.-
426 603 558 642 faciunt
576 601 611 633 hi
620 601 746 642 ptura;
772 601 830 633 sed
843 599 922 632 illos

74 649 221 691 defendit
235 659 395 682 numerus
409 650 610 691 iunctaeque
624 650 765 682 umbone
774 649 975 691 phatanqes.

76 697 205 739 Magna
219 700 308 731 inter
321 698 437 731 molles
453 699 650 731 concordia.
693 696 771 731 Non
785 699 852 730 erit
869 698 978 730 ullum

77 747 266 787 ememplum
280 748 317 779 in
328 751 444 779 nostro
459 752 527 779 tam
541 747 735 779 detestabile
749 756 849 779 sexu.

82 794 208 827 Taedia
222 804 288 826 non
303 795 419 826 lambit
438 793 604 832 Cluviam,
620 804 680 826 nec
694 794 801 827 Flora
822 791 1013 828 Catullam:

78 842 183 885 Hispo
197 844 285 876 subit
300 845 444 881 iuvenes,
461 846 490 874 et
505 843 619 875 morbo
630 843 736 884 pallet
751 846 903 885 utroque.

79 891 251 934 Numquid
265 902 325 925 nos
338 893 471 934 aqimus
486 889 634 924 causas?
661 892 779 924 civilia
792 893 873 925 iura

78 943 232 974 novimus
241 939 258 973 ἶ)
284 946 345 974 aut
358 942 428 974 ullo
441 943 547 982 strepi
551 945 583 973 tu
597 942 675 982 sora
687 946 801 974 vestra
813 941 1008 976 movemus?

78 990 269 1023 Luctantur
280 1000 432 1033 paucae,·
460 991 635 1023 comedunt
653 990 800 1031 coliphia
810 999 963 1031 paucae:

77 1050 136 1073 vos
152 1041 266 1072 lanam
285 1041 432 1077 trahitis,
450 1039 660 1081 calathisque
670 1043 814 1081 peracta
828 1041 964 1082 refertis

78 1089 204 1122 vellera
212 1101 222 1131 ;
249 1099 307 1122 vos
322 1091 414 1122 tenui
423 1093 668 1130 praeynantem
679 1090 823 1121 stamine
835 1089 950 1131 fusum

78 1137 237 1179 Penelope
253 1138 382 1174 melius,
401 1137 506 1168 levius
521 1138 683 1178 torquetis
696 1136 863 1175 Arachne,

77 1187 219 1219 horrida
234 1186 333 1227 quale
345 1186 430 1227 facit
443 1185 594 1219 residens
608 1186 645 1218 in
659 1186 772 1218 codice
782 1186 913 1227 pellem.

76 1233 202 1268 Notum
215 1238 274 1271 est,
292 1243 354 1266 cur
367 1233 439 1266 solo
453 1234 588 1267 tabulas
601 1235 790 1276 impleverit
803 1234 921 1269 Hister

77 1284 207 1321 liberto,
229 1284 357 1315 dederit
369 1284 467 1316 vivus
482 1293 545 1316 eur
557 1284 666 1317 multa
675 1284 822 1326 puellae.

77 1332 179 1366 Dives
193 1334 269 1371 erit,
285 1341 407 1373 mayno
421 1341 507 1374 quae
521 1334 646 1366 dormit
662 1335 764 1366 tertia
778 1334 875 1367 lecto.

80 1382 129 1415 Tu
143 1381 228 1414 nube
242 1385 342 1424 atque
357 1385 447 1414 tace:
475 1382 603 1414 donant
616 1391 750 1415 arcana
765 1382 951 1424 cylindros.

77 1430 127 1464 De
140 1431 235 1463 nobis
246 1435 321 1472 post
334 1431 415 1463 haec
432 1431 540 1463 tristis
552 1432 718 1463 sententia
730 1432 842 1473 fertur
851 1443 865 1466 .·

77 1481 137 1513 dat
151 1481 285 1513 veniam
300 1481 422 1517 corvis,
439 1483 544 1512 vexat
561 1489 706 1512 censura
721 1480 905 1514 columbas.

77 1528 258 1574 Fugerunt
270 1526 394 1572 trepidi
413 1537 492 1561 vera
506 1537 544 1561 ac
559 1525 737 1561 manifesta
753 1532 931 1562 canentem

77 1576 258 1612 Stoicidae.
299 1575 392 1618 Quid
405 1576 499 1610 enim
512 1574 794 1611 falsiLauronia‘?
819 1576 885 1611 Sed
899 1575 987 1623 quid

79 1637 148 1660 non
163 1625 286 1661 facient
299 1625 370 1666 alii,
387 1637 498 1671 quum
514 1631 550 1660 tu
563 1625 717 1660 multicia
729 1637 862 1668 sumas,

46 1678 47 1681 ’
79 1675 219 1717 Cretice,
237 1681 269 1711 et
281 1675 371 1710 hanc
385 1680 514 1710 vestem
528 1674 654 1721 populo
668 1675 814 1710 mirante
827 1685 964 1722 perores

80 1724 117 1760 in
131 1724 293 1761 Proculas
306 1730 339 1761 et
352 1724 546 1760 Pollineas‘?
570 1725 632 1760 Est
646 1725 787 1761 moecha
800 1724 965 1761 Labulla:

1100 357 1133 386 40

1102 602 1135 631 45

1104 848 1137 876 50

1103 1338 1135 1366 50

1103 1583 1136 1610 65

1391 1883 1406 2047 „mm
1401 1833 1406 1879 -.-
1402 1771 1406 1811 *Α
