1406 2047
320 138 361 172 76
669 142 946 173 IUVENALIS

318 219 381 254 pro
394 207 524 243 cithara
537 207 651 244 velare
663 215 783 255 caput;
813 209 1006 256 dictataque
1019 211 1124 247 verba

317 257 472 304 protulit,
490 263 528 293 ut
542 269 616 292 mos
631 263 694 298 est,
712 264 743 293 et
757 264 870 304 aperta
886 258 1008 304 palluit
1021 271 1122 307 agna.

318 307 378 342 Dic
392 307 480 342 mihi
494 319 599 347 nunc,
617 318 758 353 quaeso,
775 308 842 349 dic,
864 309 1105 354 antiquissime
1118 309 1258 348 Divum,

319 356 506 402 respondes
521 356 587 398 his,
605 357 684 391 Iane
698 356 816 403 pater‘?
847 357 971 404 Magna
991 358 1058 392 otia
1071 358 1173 393 coeli:

246 410 298 438 395
318 416 386 440 non
400 411 462 445 est,
480 411 519 440 ut
531 405 642 448 video,
660 418 729 441 non
743 411 806 447 est,
822 407 917 452 quod
931 412 1052 454 agatur
1064 407 1156 453 apud
1174 418 1248 443 vos.

319 455 407 489 Haec
421 454 463 489 de
477 455 648 490 comoedis
664 460 695 490 te
707 455 874 498 consulit3
904 455 961 491 illa
976 457 1177 503 tragoedum

318 503 560 539 commendare
575 504 680 540 volet:
710 506 887 540 varicosus
908 505 964 540 fiet
977 505 1166 551 haruspex.

367 553 435 588 Sed
448 559 559 588 cantet
576 554 703 598 potius,
725 565 831 597 quam
847 558 951 588 totam
968 554 1119 598 pervolet
1135 554 1258 590 urbem

317 601 444 643 audax,
461 607 492 637 et
506 607 620 636 coetus
635 601 742 646 possit
755 612 863 647 quam
879 601 964 636 serre
984 603 1150 644 virorum,

246 653 298 684 400
317 661 469 697 cumque
487 649 659 695 paludatis
673 650 821 684 ducibus
835 656 1012 696 praesente
1026 653 1150 687 marito

318 700 393 745 ipsa
408 700 503 745 loqui
517 705 604 734 recta
620 698 703 734 facie
717 700 914 745 strictisque
928 700 1109 735 mamillis.

317 749 406 783 Haec
420 748 538 782 eadem
558 748 663 787 novin
681 748 767 791 quid
783 753 848 781 toto
864 749 922 781 fiat
937 749 972 781 in
985 749 1087 789 orbe;

318 797 404 842 quid
419 797 533 836 Seres,
547 795 634 841 quid
650 795 799 829 Thraces
819 799 940 841 agant:
970 800 1097 830 secreta
1114 805 1279 833 novercae

317 851 349 880 et
362 846 478 891 pueri:
508 845 589 891 quis
603 848 704 886 amet,
723 844 804 889 quis
819 844 1010 889 decipiatur
1027 844 1171 880 adulter.

246 900 297 929 405
316 896 422 937 Dicet,
440 894 521 941 quis
536 893 679 928 viduam
695 899 942 940 praegnantem
958 893 1083 935 fecerit,
1101 900 1133 930 et
1151 905 1222 942 quo

318 956 449 987 mense,
473 943 605 990 quibus
628 943 745 978 verbis
770 943 978 978 concumbat
997 955 1173 991 quaeque,
1197 944 1308 981 modis

876 998 948 1028 uot.

319 1042 508 1077 Instantem
523 1042 595 1089 regi
610 1041 774 1077 Armenio
789 1004 986 1089 Parllhoque
999 1047 1154 1078 cometen

318 1092 432 1137 prima
446 1091 555 1135 videt3
586 1091 714 1126 samam
729 1103 956 1138 rumoresque
970 1091 1028 1126 illa
1043 1096 1193 1127 recentes

318 1141 444 1186 excipit
460 1140 648 1186 adportas:
677 1141 848 1186 quosdam
868 1141 961 1176 facit.
1002 1142 1074 1177 Isse
1087 1141 1273 1187 Niphatem

247 1195 299 1225 410
319 1191 355 1224 in
371 1189 529 1235 populos,
548 1200 746 1236 magnoque
760 1190 830 1223 illic
842 1194 964 1223 cuncta
982 1200 1062 1223 arva
1078 1191 1185 1226 teneri

320 1238 465 1280 diluvio,
488 1244 609 1274 nutare
622 1239 739 1280 urbes,
761 1238 941 1273 subsidere
957 1243 1074 1278 terras,

319 1299 543 1335 quocumque
564 1289 598 1322 in
620 1289 734 1328 trivio,
759 1288 969 1333 cuicumque
984 1292 1035 1321 est
1051 1286 1165 1328 obvia,
1183 1292 1306 1321 narrat.

369 1338 440 1373 Nec
460 1341 574 1372 tamen
598 1337 634 1372 id
654 1337 780 1372 vitium
803 1337 916 1383 magis
939 1335 1170 1376 intolerabile,
1199 1346 1306 1383 quam

855 1384 952 1431 quod

321 1435 454 1471 vicinos
467 1434 618 1470 humiles
633 1445 751 1481 rapere
763 1439 795 1470 et
807 1434 984 1469 concidere
998 1433 1080 1470 loris

248 1490 300 1519 415
319 1490 456 1520 exorata
471 1484 565 1519 solet.
605 1485 693 1519 Nam
707 1485 737 1519 si
752 1484 933 1519 latratibus
946 1482 1005 1518 alti

321 1539 535 1579 rumpuntur
548 1535 681 1577 somni3
710 1534 830 1569 Fustes
843 1536 908 1568 huc
923 1536 1028 1573 ocius,
1046 1531 1172 1578 inquit,

322 1585 462 1628 afferte!
489 1588 591 1629 atque
607 1583 677 1618 illis
691 1582 873 1618 dominum
887 1582 981 1617 iubet
995 1586 1072 1616 ante
1086 1580 1193 1623 feriri,

321 1631 447 1667 deinde
459 1643 593 1667 canem.
634 1632 759 1668 Gravis
777 1643 934 1673 occursu,
953 1630 1124 1666 teterrima
1138 1629 1239 1666 vultu

321 1680 444 1717 balnea
462 1686 559 1718 nocte
572 1682 684 1725 subit;
714 1682 862 1717 conchas
880 1687 912 1717 et
923 1686 1030 1716 eastra
1045 1680 1178 1715 moveri

250 1734 302 1765 420
323 1735 420 1766 nocte
435 1731 545 1771 iubet,
576 1743 704 1777 magno
719 1731 847 1779 gaudet
860 1731 984 1767 sudare
998 1729 1165 1771 tumultu,

323 1789 437 1826 quum
451 1779 574 1816 lassata
587 1782 685 1829 gravi
699 1781 895 1818 ceciderunt
907 1778 1046 1816 brachia
1061 1789 1187 1820 massa,
