1252 2025
409 111 598 140 SATIRA
628 110 684 138 lx.
972 105 1034 138 ⁴05

51 179 229 227 praecipue
241 176 367 218 causis,
385 181 423 210 ut
437 175 574 223 linguas
588 176 840 221 mancipiorum

51 234 264 264 contemnas:
295 237 376 261 nam
391 225 509 272 lingua
524 225 605 259 mali
619 236 698 270 pars
712 225 864 259 maxima
880 225 984 260 servi.
1055 231 1106 259 120

51 277 197 312 Deterior
209 281 320 310 tamen
338 275 405 315 hic,
423 275 483 320 qui
500 274 586 309 liber
600 285 667 309 non
681 275 744 308 erit
758 273 838 314 illis,

51 336 197 372 quorum
215 325 348 358 animas
363 329 395 359 et
409 323 496 358 farre
511 335 574 358 suo
588 323 735 358 custodit
748 328 779 357 et
792 333 879 357 aere.

51 376 157 410 NAEv.
186 373 314 408 Idcirco
328 379 365 407 ut
379 374 510 419 possim
531 373 687 420 linguam
703 378 919 407 contemnere
933 372 1036 413 servi,

51 423 132 459 utile
145 422 330 457 consilium
349 423 463 463 modo,
481 422 541 457 sed
557 433 752 462 commune,
771 421 915 456 dedisti:

50 483 141 507 nunc
153 472 238 506 mihi
247 472 334 517 quid
345 471 469 506 suades
480 476 557 517 post
566 471 735 505 damnum
746 471 910 516 temporis
921 475 953 506 et
962 481 1041 516 spes
1056 477 1105 504 125

49 520 228 566 deceptas?
253 522 405 556 Festinat
418 521 512 555 enim
527 521 705 554 decurrere
718 520 819 554 velox

49 569 224 611 flosculus,
245 575 412 616 angustae
426 570 640 615 miseraeque
654 569 860 603 brevissima
875 568 964 602 vitae

48 619 173 665 portio:
189 619 274 654 dum
290 619 458 659 bibimus,
474 618 559 653 dum
575 623 674 659 serta,
692 623 882 664 unguenta,
898 616 1032 663 puellas

47 669 234 713 poscimus,
255 669 388 713 obrepit
401 680 469 702 non
484 667 652 702 intellecta
668 672 837 701 senectus.

48 718 118 752 Iuv.
154 718 204 751 Ne
230 717 379 761 trepida:
422 727 616 761 numquam
649 716 807 760 pathicus
834 716 896 750 tibi
927 715 1034 750 deerit

583 775 715 798 amicus
1053 771 1105 798 130

48 813 220 848 stantibus
234 818 266 847 et
280 812 386 847 salvis
401 812 456 846 his
473 811 638 854 collibus;
669 812 825 858 undique
843 812 886 848 ad
905 812 981 848 illos

48 863 257 897 conveniunt
274 867 305 896 et
319 862 489 907 carpentis
502 866 533 895 et
548 861 697 896 navibus
710 873 843 904 omnes,

48 912 110 957 qui
128 911 235 958 digito
249 911 408 957 scalpunt
425 922 495 946 uno
509 916 620 956 caput.
660 911 771 946 Altera
787 912 896 946 maior

48 971 127 1006 spes
141 966 315 1006 superest:
345 965 382 995 tu
399 965 530 995 tantum
546 961 657 995 erucis
673 961 833 1007 imprime
847 961 997 996 dentem.

48 1011 154 1053 Nanv.
182 1011 270 1044 Haec
283 1010 439 1055 exempla
453 1021 535 1055 para
548 1009 725 1045 felicibus:
755 1016 788 1045 at
801 1022 875 1045 mea
891 1011 1012 1046 Clotho
1054 1017 1103 1045 135

47 1064 80 1093 et
95 1059 254 1093 Lachesis
267 1059 430 1106 gaudent,
448 1060 477 1093 si
491 1060 642 1105 pascitur
660 1060 804 1107 inguine
819 1065 948 1095 venter.

48 1107 76 1142 O
91 1109 188 1153 parvi
203 1109 381 1154 nostrique
394 1110 508 1149 Lares,
526 1121 614 1154 quos
628 1109 728 1143 thure
742 1110 876 1144 minuto

49 1162 107 1191 aut
120 1156 208 1192 farre
222 1163 254 1191 et
267 1158 363 1192 tenui
376 1158 468 1192 soleo
480 1169 645 1192 exornare
658 1169 793 1198 corona,

48 1206 188 1251 quando
201 1217 264 1251 ego
280 1206 384 1251 figam
399 1205 542 1251 aliquid⁷
553 1218 623 1252 quo
637 1207 681 1240 sit
695 1207 782 1242 mihi
795 1211 867 1243 tuta
878 1212 1035 1243 senectus

47 1266 65 1288 a
79 1258 187 1300 tegete
199 1260 231 1288 et
244 1254 391 1288 baculo‘?
417 1255 541 1302 viginti
555 1256 665 1290 millia
679 1255 779 1291 fenus
1053 1261 1103 1290 140

46 1303 249 1349 pigneribus
263 1304 396 1348 positis,
415 1305 547 1351 argenti
562 1305 701 1340 vascula
714 1306 806 1351 puri,

47 1352 108 1386 sed
125 1363 214 1398 quae
228 1353 406 1387 Fabricius
420 1364 540 1388 censor
558 1359 660 1394 notet,
679 1359 711 1388 et
723 1355 792 1388 duo
805 1353 906 1388 sortes

48 1400 89 1435 de
101 1413 204 1448 grege
220 1402 429 1441 Moesorum,
447 1403 509 1446 qui
524 1414 579 1436 me
593 1403 722 1437 cervice
739 1403 844 1437 locata

47 1461 208 1485 securum
222 1450 363 1484 iubeant
376 1449 526 1484 clamoso
542 1450 697 1485 insistere
711 1451 819 1486 Circo.

48 1498 99 1534 Sit
117 1500 203 1534 mihi
217 1504 387 1545 praeterea
403 1510 531 1533 curvus
545 1499 699 1539 caelator,
716 1506 747 1534 et
761 1501 856 1542 alter,
1053 1506 1103 1536 145

48 1548 110 1594 qui
126 1548 253 1583 multas
267 1549 368 1583 facies
384 1549 503 1595 pingat
515 1549 592 1583 cito.
634 1549 812 1584 Sufficient
826 1550 920 1591 haec,

49 1598 188 1643 quando
201 1609 263 1645 ego
280 1609 412 1644 pauper
426 1609 495 1632 ero.
515 1599 641 1633 Votum
656 1599 864 1641 miserabile,
882 1610 944 1633 nec
958 1610 1036 1645 spes

48 1646 104 1681 his
119 1647 257 1683 saltem:
287 1659 380 1689 nam,
398 1659 509 1693 quum
523 1659 586 1693 pro
601 1659 654 1683 me
666 1649 818 1685 Fortuna
831 1654 984 1696 rogatur,

49 1695 158 1742 affigit
170 1707 264 1731 ceras
281 1697 338 1731 illa
353 1697 396 1731 de
412 1708 499 1731 nave
514 1697 646 1743 petitas,

49 1756 138 1791 quae
151 1745 283 1782 Siculos
297 1751 417 1782 cantus
436 1746 554 1795 effugit
568 1747 697 1796 remige
710 1747 828 1783 surdo.
1052 1753 1102 1780 150
