1406 2047
470 73 658 104 SATIRA
691 72 733 103 V.
1047 71 1090 105 23

103 142 239 178 haereat
254 142 287 176 in
303 140 417 176 stultis
431 140 547 176 brevis
562 146 600 176 ut
614 139 791 175 semuncia
805 141 895 175 recti.

104 194 192 228 Haec
205 191 348 226 miscere
366 190 473 232 nefas,
493 202 546 232 ne,
561 201 672 237 quum
688 190 736 224 sis
750 194 878 225 caetera
895 189 1016 232 fossor,

104 242 165 276 tris
180 246 315 275 tantum
330 240 373 274 ad
388 252 551 275 numeros
565 241 671 288 satyri
687 250 844 275 moveare
861 240 1025 287 Bathylli.

106 291 203 325 Liber
227 301 300 334 eqo.
320 309 369 316 —
389 290 485 325 Unde
505 290 624 325 datum
645 290 709 324 hoc
728 290 859 331 sumis,
887 293 934 324 tot
952 289 1090 325 subdite

292 372 305 383 ,
636 338 765 373 rebus?

100 388 154 422 An
168 386 352 422 dominum
368 388 518 435 ignoras,
538 388 604 422 nisi
619 398 724 433 quem
743 386 893 422 vindicta
908 386 1060 422 relaxat?
1111 394 1162 421 125

100 437 139 471 »Ι
152 448 249 482 puer,
269 443 302 472 et
317 437 466 485 strigiles
481 437 632 483 Crispini
648 436 690 471 ad
706 436 827 471 balnea
842 435 980 471 defert«

101 486 130 520 si
145 487 332 532 increpuit:
361 498 498 521 »cessas
513 485 704 532 nugator?«
719 485 901 519 servitium
916 497 992 521 acre

99 539 132 570 te
146 535 233 570 nihil
252 535 409 581 impellit,
429 546 490 570 nec
504 535 699 580 quidquam
713 535 927 569 extrinsecus
944 535 1058 577 intrat,

100 585 194 630 quod
210 596 333 619 nervos
347 584 475 631 agitet-⁶?
500 583 567 619 Sed
580 584 610 618 si
626 585 720 618 intus
734 588 766 618 et
783 584 819 618 in
836 584 944 619 iecore
957 595 1058 632 aegro

101 639 293 668 nascuntur
309 633 462 669 domini:
492 634 554 680 qui
568 638 609 668 tu
627 633 831 679 impunitior
849 634 936 674 exis,
1110 640 1161 667 130

99 687 202 729 atque
215 683 284 726 hic,
301 695 409 730 quem
425 683 468 718 ad
480 683 632 731 strigiles
645 683 774 766 scutica
787 687 820 718 et
832 687 944 718 metus
952 683 1021 731 egit
1029 683 1091 718 he-

634 744 664 766 r1
682 745 730 766 is.
747 753 797 758 —

102 779 203 814 Mane
217 779 315 826 piger
329 781 457 814 stertis.
501 780 671 826 »Surge«,
691 781 807 825 inquit
824 780 985 815 avaritia:
1015 781 1090 816 »eia

101 830 224 875 surge!
238 840 253 861 «
284 829 411 875 Negas.
448 828 566 868 Instat,
595 839 723 874 »surge
735 830 768 861 1«
798 829 927 874 inquit.
943 849 992 854 —
1008 830 1087 865 Non

637 887 730 920 queo.
747 897 795 902 —
809 877 986 924 »Surgel«
999 899 1048 905 —

100 926 145 960 Et
162 929 245 972 quid
263 924 391 970 aqam?
403 945 452 952 ·—
469 925 658 973 »Rogitas‘?
687 937 730 960 en
750 926 931 972 saperdam
946 927 1078 964 advehe

636 975 755 1015 Ponto,

100 1028 305 1065 castoreum,
323 1028 479 1069 stuppas,
495 1024 659 1065 ebenum,
676 1023 770 1065 thus,
788 1022 922 1059 lubrica
939 1024 1021 1061 Coa.
1111 1033 1161 1061 135

98 1072 193 1108 Tolle
207 1084 324 1108 recens
339 1074 475 1119 primus
492 1073 591 1119 piper
604 1085 622 1108 e
640 1073 775 1108 sitiente
787 1073 930 1108 camelo.

100 1123 199 1157 Verte
213 1121 358 1166 aliquid,
377 1122 461 1155 iura.
472 1135 545 1154 «—
558 1122 955 1166 Sedlupiteraudiet.—
965 1123 1100 1165 »Ehem

98 1172 192 1210 baro,
210 1174 425 1216 regustatum
442 1170 551 1217 digito
563 1171 733 1206 terebrare
746 1170 900 1206 salinum

97 1223 278 1254 contentus
292 1230 447 1266 perages,
465 1221 495 1254 si
510 1220 628 1256 vivere
640 1232 721 1255 cum
738 1221 817 1256 Iove
829 1221 953 1256 tendis.
962 1236 979 1255 «
992 1242 1041 1249 —

97 1269 170 1304 Iam
187 1268 305 1314 pueris
320 1268 445 1314 pellem
462 1270 657 1305 succinctus
671 1271 948 1317 etoenophorum
963 1276 1059 1317 aptas
1073 1285 1081 1307 :
1109 1276 1160 1306 140

100 1318 204 1353 Ocius
217 1320 264 1352 acl
278 1320 416 1352 navem!
430 1338 479 1344 —
493 1319 589 1353 Nihil
604 1320 727 1362 obstat,
744 1320 833 1365 quin
849 1321 944 1355 trabe
956 1325 1053 1355 vasta

98 1367 274 1413 Aegaeum
290 1367 416 1412 rapias,
435 1367 502 1401 nisi
517 1367 638 1402 sollers
653 1368 792 1402 luxuria
809 1372 888 1403 ante

98 1417 281 1451 seductum
295 1421 450 1450 moneat:
479 1416 579 1458 »Quo
592 1416 716 1450 deinde
730 1417 850 1451 insane
863 1415 964 1451 ruis?
988 1417 1084 1464 quo?

98 1465 192 1508 Quid
208 1466 272 1500 tibi
290 1465 369 1500 vis‘?
395 1464 514 1500 Calido
527 1465 595 1500 sub
609 1471 742 1511 pectore
755 1465 911 1501 mascula
924 1466 1007 1502 bilis

98 1515 278 1555 intumuit,
295 1526 402 1561 quam
417 1526 485 1549 non
503 1515 708 1550 exstinxerit
721 1526 808 1550 urna
820 1515 963 1550 cicutae.
1109 1522 1160 1551 145

100 1564 187 1599 Tun'
201 1576 296 1599 mare
308 1563 526 1599 transsilias‘?
551 1564 627 1605 tibi,
643 1569 730 1599 torta
743 1564 899 1599 cannabe
916 1564 1014 1606 fulto,

99 1624 203 1648 coena
216 1614 260 1648 sit
274 1614 309 1648 in
323 1618 472 1648 transtro
482 1613 500 1647 ⁴?
525 1614 824 1660 Veientanumque
836 1613 1014 1649 rubellum

100 1662 247 1704 exhalet,
266 1663 390 1709 vapida
404 1663 536 1698 laesum
551 1663 636 1709 pice,
667 1663 786 1699 fissilis
799 1663 914 1698 obba?

101 1710 193 1754 Quid
207 1712 319 1758 petis‘?
345 1717 383 1747 ut
396 1713 508 1755 numi,
526 1724 614 1759 quos
628 1712 705 1748 heic
717 1713 914 1760 quincunce
926 1712 1082 1749 modesto
