1406 2047
450 112 642 141 SATmA
673 113 700 140 1.
1046 110 1065 141 9

86 191 129 214 ex
144 179 287 214 humero
301 175 492 222 portes?—
506 178 646 218 Verum,
665 187 726 212 nec
740 182 836 212 noete
850 182 1009 223 paratum
1106 183 1138 210 00

86 227 243 274 plorabit,
261 226 323 272 qui
339 237 395 262 me
409 225 498 261 volet
517 227 715 262 incurvasse
728 226 879 272 querela.
895 246 944 252 —

134 276 200 311 Sed
214 279 363 311 numeris
377 279 538 311 decorose
557 283 586 311 el
602 280 760 311 iunctura
773 279 893 310 addita
908 278 1035 310 crudis.

89 325 254 360 claudere
267 329 316 360 sic
330 337 463 360 versum
478 329 616 360 didicit:
643 325 888 361 Be1ecvnth1us
903 325 1002 377 Atys,

85 380 132 408 et:
161 374 221 420 qui
235 373 430 409 caeruleum
447 375 627 410 dirimebat
642 376 747 410 Nerea
761 373 917 420 delphin,

83 426 153 458 sic·
179 428 307 458 costam
324 423 426 471 longo
440 424 678 459 subduximus
692 424 884 469 Apennino.
899 443 948 448 —
1108 427 1141 454 95

85 472 189 506 Arma
198 473 332 507 virum!
349 474 470 508 Nonne
478 473 541 508 hoc
549 484 755 518 spumosum
763 478 794 506 et
802 473 1065 518 corticepin‘rui

84 526 122 555 ut
138 521 266 556 ramale
281 527 379 557 vetus
393 522 558 568 vegrandi
571 522 695 556 subere
707 521 865 556 coctum‘?
876 540 926 546 —

88 569 292 612 Quidnam(
266 583 276 604 ι
273 574 373 614 stiur
382 577 542 611 tenerum,
553 577 583 605 et
593 573 679 605 laoea
691 582 746 605 σε)
748 582 767 605 ι
771 574 819 605 ice
829 571 1000 614 lesJencIum
1008 573 1069 602 est.
1064 566 1082 592 9

85 619 193 654 Torva
210 619 438 654 Mimalloneis
455 619 644 665 implerunt
656 630 782 653 cornua
797 619 953 653 bombis.

84 672 117 702 et
129 673 266 714 raptum
281 668 390 702 vitulo
405 674 507 714 caput
521 668 675 702 ablatura
689 668 840 714 superbo
1092 672 1142 699 100

84 717 250 758 Bassaris,
266 722 298 752 et
312 717 449 765 lyncem
463 718 602 752 Maenas
616 716 746 752 flexura
760 715 936 764 corymbis

85 766 196 800 Evion
216 767 425 812 ingeminat:
454 766 656 812 reparabilis
671 767 813 802 adsonat
826 764 1068 800 Ecba—⁵?—

87 815 175 848 Ilacc
191 814 320 854 fierent,
338 816 367 848 si
385 815 533 849 testiculi
552 826 640 849 vena
652 815 724 849 ulla
739 815 873 860 paterni

88 863 218 898 viveret
233 863 266 897 in
282 862 406 897 nobis‘?
425 863 569 897 Summa
582 863 745 897 delumbe
759 863 867 897 saliva

88 911 153 946 hoc
168 916 259 946 natat
275 912 308 945 in
325 911 442 951 labris,
461 916 492 945 et
507 911 541 945 in
558 910 627 945 udo
641 915 691 944 est
705 911 843 945 Maenas
857 915 890 945 et
902 910 1002 957 Atys,
1096 919 1144 945 105

88 971 150 996 nec
165 960 322 1006 pluteum
337 960 457 998 caedit.
477 971 539 994 nec
556 959 732 993 demorsos
744 960 833 1004 sapit
846 970 993 1005 ungues.
1011 980 1058 986 —

138 1010 204 1045 Sed
223 1013 304 1053 quid
318 1021 411 1052 opus,
430 1016 562 1043 teneras
576 1011 729 1042 mordaci
744 1011 864 1042 radere
877 1020 956 1042 vero

88 1057 292 1094 auriculas?
322 1059 402 1092 Vide
414 1062 473 1097 sis,
491 1069 531 1091 ne
546 1061 712 1092 malorum
727 1059 787 1091 tibi
799 1061 886 1101 forte

91 1111 211 1143 limina
227 1111 423 1151 [riflescam.
452 1107 558 1142 Sonat
572 1108 644 1140 heic
658 1109 698 1140 de
711 1117 797 1140 nare
811 1108 936 1140 canina

91 1157 331 1192 litera—Per
345 1166 400 1189 me
413 1154 573 1200 equidem
590 1154 783 1189 sintomnia
791 1154 948 1200 protinus
956 1153 1045 1197 alba,
1096 1162 1146 1189 110

89 1205 137 1240 nil
148 1215 274 1239 moror.
293 1204 392 1250 Euge
404 1204 409 1237 l
427 1214 547 1238 omnes
556 1203 682 1238 etenim
691 1203 778 1238 bene
787 1204 994 1238 miraeeritis
1003 1215 1056 1239 res
1065 1233 1069 1238 .

89 1255 158 1290 Hoc
178 1254 286 1298 iuvat.
326 1254 422 1294 Heio,
445 1253 575 1300 inquis,
603 1259 674 1288 veto
694 1257 874 1298 quisquam
892 1257 986 1298 faxit
1005 1256 1074 1288 ole-

621 1304 709 1337 tum!
721 1323 770 1328 —

90 1353 196 1399 Pinge
214 1351 302 1387 duos
316 1361 465 1398 angues:
495 1352 605 1397 pueri,
622 1363 716 1387 sacer
729 1356 781 1387 est
793 1350 907 1386 locus:
936 1356 1030 1386 extra

89 1402 222 1438 meiite!
237 1421 286 1427 —
302 1400 455 1435 Discedo.
470 1420 519 1426 —

623 1448 737 1483 Secuit
750 1448 906 1483 Lucilius
922 1448 1059 1490 Urbem,

91 1507 123 1536 te
136 1501 244 1546 Lupe,
259 1504 292 1533 te
306 1498 405 1539 Muti,
423 1503 453 1532 et
466 1497 660 1544 genuinum
674 1497 774 1545 fregit
789 1498 823 1532 in
839 1497 918 1532 illis.
1096 1505 1146 1531 115

92 1550 204 1585 Omne
217 1547 311 1585 vafer
325 1547 450 1583 vitium
465 1547 587 1582 ridenti
602 1547 745 1582 Flaccus
760 1547 870 1582 amico

92 1600 214 1646 tangit
236 1603 268 1632 et
281 1597 457 1632 admissus
471 1598 602 1631 circum
615 1596 812 1643 praecordia
826 1595 927 1637 ludit,

93 1648 239 1684 callidus
251 1658 396 1682 excusso
411 1646 580 1693 populum
598 1645 809 1692 suspendere
821 1655 923 1680 naso:

94 1699 184 1734 men
203 1697 329 1734 mutire
342 1696 462 1732 nefas‘?
475 1716 524 1723 —
536 1706 599 1732 nec
612 1694 714 1736 clam,
725 1706 787 1731 nec
799 1705 879 1730 cum
890 1693 1009 1730 scrobe
1016 1692 1088 1728 ⁶?—

626 1745 816 1791 Nusquam.
831 1764 881 1770 -
