1406 2047
272 576 306 603 10

276 824 307 851 15

278 1071 310 1099 20

284 1564 318 1592 30

343 154 385 187 64
703 154 978 184 IUVENALIS

342 222 520 269 praeberet
532 221 699 268 spelunca
713 221 848 263 domos,
865 223 1053 269 ignemque
1066 219 1246 269 laremque

342 277 375 308 et
388 283 493 319 pecus
511 277 543 307 et
557 271 717 307 dominos
731 271 909 306 communi
924 271 1095 307 clauderet
1107 272 1251 317 umbra,

342 321 538 357 silvestrem
553 327 717 356 montana
731 327 846 356 torum
861 332 972 367 quum
987 326 1151 356 sterneret
1164 333 1254 358 uxor

343 371 526 406 frondibus
541 376 573 406 et
587 371 703 406 culmo
717 371 984 416 vicinarumque
997 370 1146 406 serarum

343 420 507 467 pellibus,
532 420 628 455 haud
644 420 772 455 similis
787 420 862 462 tibi,
881 419 1043 467 Cynthia,
1063 431 1124 455 nec
1140 419 1216 463 tibi,
1232 421 1333 456 cuius

344 470 498 505 turbavit
517 470 646 505 nitidos
661 471 852 505 exstinctus
867 481 986 515 passer
996 469 1132 512 ocellos,

345 520 405 554 sed
418 520 567 566 potanda
582 519 695 554 serens
710 519 902 554 infantibus
921 519 1028 554 ubera
1045 519 1195 567 magnis,

344 575 377 604 et
395 581 496 615 saepe
512 569 683 604 horridior
695 569 859 616 glandem
877 574 1030 604 ructante
1043 569 1178 604 marito.

345 618 482 664 Quippe
497 618 595 653 aliter
608 624 691 653 tunc
704 619 786 654 orbe
804 630 893 653 novo
907 618 1070 665 coeloque
1085 619 1211 654 recenti

346 669 510 703 vivebant
524 668 695 710 homines,
713 669 775 714 qui
790 674 892 714 rupto
910 668 1029 703 robore
1043 668 1115 703 nati

344 719 570 764 compositive
586 718 657 753 luto
670 718 785 753 nullos
800 718 952 753 habuere
966 723 1135 763 parentes.

345 767 454 802 Multa
468 768 654 812 pudicitiae
669 768 793 801 veteris
808 768 955 812 vestigia
968 767 1095 806 forsan,
1254 789 1257 791 >

346 821 405 851 aut
420 816 549 862 aliqua,
567 816 760 850 exstiterint
778 820 810 848 et
825 815 893 848 sub
907 816 1002 857 Iove3
1020 812 1082 847 sed
1095 812 1337 848 Iovenondum

347 865 502 907 barbato,
521 864 680 899 nondum
694 864 834 898 Graecis
848 865 964 898 iurare
977 862 1105 909 paratis

347 927 409 962 per
423 920 526 961 caput
540 914 694 955 alterius,
711 924 823 960 quum
839 912 952 947 furem
967 922 1069 946 nemo
1082 912 1216 946 timeret

347 964 509 1000 caulibus
524 969 583 999 aut
597 963 723 1010 pomis,
741 967 774 997 et
787 967 902 1008 aperto
920 962 1052 996 viveret
1065 961 1172 996 horto.

349 1014 521 1050 Paulatim
538 1013 664 1048 deinde
679 1012 721 1047 ad
735 1023 879 1059 superos
895 1012 1035 1046 Astraea
1049 1010 1189 1045 recessit

348 1065 413 1100 hac
426 1064 560 1105 comite,
579 1069 682 1110 atque
696 1063 785 1098 duae
799 1063 926 1108 pariter
942 1061 1061 1108 sugere
1075 1069 1221 1095 sorores.

349 1114 546 1159 Antiquum
562 1118 593 1148 et
608 1119 707 1148 vetus
721 1118 783 1154 est,
802 1112 967 1153 alienum,
986 1112 1159 1151 Postume,
1177 1108 1304 1144 lectum

349 1168 542 1202 concutere,
561 1168 663 1208 atque
677 1163 765 1196 sacri
779 1162 923 1207 genium
939 1166 1158 1195 contemnere
1171 1158 1286 1194 fulcri.

352 1211 464 1247 Omne
479 1210 576 1246 aliud
589 1211 719 1244 crimen
734 1221 816 1244 mox
832 1209 938 1243 ferrea
952 1208 1095 1254 protulit
1111 1213 1220 1243 aetas:

353 1261 516 1297 viderunt
530 1260 662 1306 primos
681 1264 839 1306 argentea
858 1257 994 1292 saecula
1008 1256 1182 1291 moechos.

402 1311 621 1345 Conventum
636 1314 750 1343 tamen
765 1313 797 1342 et
811 1312 963 1353 pactum,
987 1310 1020 1341 et
1036 1303 1213 1351 sponsalia
1227 1309 1344 1339 nostra

353 1363 554 1405 tempestate
568 1369 681 1404 paraS,
699 1358 840 1402 iamque
854 1368 872 1390 a
890 1361 1027 1390 tonsore
1041 1354 1208 1401 magistro

354 1409 512 1456 pecteris,
529 1412 561 1442 et
574 1407 684 1453 digito
697 1407 826 1452 pignus
839 1405 981 1440 fortasse
995 1403 1147 1439 dedisti?

357 1460 456 1494 Certe
468 1468 575 1492 sanus
589 1467 664 1491 eras
678 1456 684 1490 1
713 1456 875 1496 Uxorem,
893 1455 1066 1495 Postume,
1081 1452 1205 1488 ducis?

358 1509 430 1549 Dic,
448 1519 518 1554 qua
534 1506 734 1551 Tisiphone,
753 1504 885 1551 quibus
898 1504 1070 1551 exagitare
1083 1501 1261 1537 colubris‘?

355 1557 460 1593 Ferre
477 1561 572 1603 potes
587 1555 778 1592 dominam.
796 1553 903 1589 salvis
919 1558 965 1588 tot
979 1551 1139 1593 restibus,
1156 1549 1293 1586 ullam?

358 1617 471 1653 quum
484 1609 622 1652 pateant
636 1603 721 1638 altae
738 1603 995 1650 caligantesque
1013 1600 1202 1636 fenestrae?

359 1666 473 1702 quum
488 1655 550 1689 tibi
565 1653 722 1688 vicinum
737 1664 773 1687 se
786 1653 947 1699 praebeat
958 1650 1127 1687 Aemilius
1141 1648 1253 1696 pons‘?

360 1706 430 1740 Aut
443 1705 474 1739 si
488 1704 530 1739 de
544 1703 664 1738 multis
679 1701 800 1738 nullus
818 1702 927 1749 placet
941 1701 1065 1741 exitus,
1084 1699 1173 1735 illud

361 1765 478 1790 nonne
491 1758 593 1800 putas
606 1751 747 1795 melius,
764 1751 859 1798 quod
873 1757 984 1786 tecum
998 1752 1101 1796 pusio
1114 1747 1267 1785 dormit?

290 1811 323 1838 35
361 1804 477 1853 pusio,
495 1803 558 1851 qui
572 1807 676 1839 noctu
690 1813 760 1838 non
778 1802 901 1850 litigat,
917 1800 1025 1849 exigit
1037 1811 1056 1835 a
1070 1804 1102 1835 te
