<?xml version="1.0" encoding="UTF-8"?>
<!DOCTYPE html PUBLIC "-//W3C//DTD XHTML 1.0 Transitional//EN"
    "http://www.w3.org/TR/xhtml1/DTD/xhtml1-transitional.dtd">
<html xmlns="http://www.w3.org/1999/xhtml" xml:lang="en" lang="en">
 <head>
  <title>
</title>
<meta http-equiv="Content-Type" content="text/html;charset=utf-8" />
  <meta name='ocr-system' content='tesseract 3.04.00' />
  <meta name='ocr-capabilities' content='ocr_page ocr_carea ocr_par ocr_line ocrx_word'/>
</head>
<body>
  <div class='ocr_page' id='page_1' title='image "apersiiflaccietd00persuoft_0072.png"; bbox 0 0 1406 2047; ppageno 0'>
   <div class='ocr_carea' id='block_1_1' title="bbox 260 179 292 206">
    <p class='ocr_par' dir='ltr' id='par_1_1' title="bbox 260 179 292 206">
     <span class='ocr_line' id='line_1_1' title="bbox 260 179 292 206; baseline 0 0"><span class='ocrx_word' id='word_1_1' title='bbox 260 179 292 206; x_wconf 85' lang='lat'><strong>50</strong></span> 
     </span>
    </p>
   </div>
   <div class='ocr_carea' id='block_1_2' title="bbox 261 670 295 698">
    <p class='ocr_par' dir='ltr' id='par_1_2' title="bbox 261 670 295 698">
     <span class='ocr_line' id='line_1_2' title="bbox 261 670 295 698; baseline -0.029 0"><span class='ocrx_word' id='word_1_2' title='bbox 261 670 295 698; x_wconf 74' lang='lat'><strong>50</strong></span> 
     </span>
    </p>
   </div>
   <div class='ocr_carea' id='block_1_3' title="bbox 262 917 295 944">
    <p class='ocr_par' dir='ltr' id='par_1_3' title="bbox 262 917 295 944">
     <span class='ocr_line' id='line_1_3' title="bbox 262 917 295 944; baseline 0 0"><span class='ocrx_word' id='word_1_3' title='bbox 262 917 295 944; x_wconf 75' lang='lat'><strong>65</strong></span> 
     </span>
    </p>
   </div>
   <div class='ocr_carea' id='block_1_4' title="bbox 268 1656 301 1684">
    <p class='ocr_par' dir='ltr' id='par_1_4' title="bbox 268 1656 301 1684">
     <span class='ocr_line' id='line_1_4' title="bbox 268 1656 301 1684; baseline -0.03 0"><span class='ocrx_word' id='word_1_4' title='bbox 268 1656 301 1684; x_wconf 82' lang='lat'><strong>80</strong></span> 
     </span>
    </p>
   </div>
   <div class='ocr_carea' id='block_1_5' title="bbox 332 103 956 137">
    <p class='ocr_par' dir='ltr' id='par_1_5' title="bbox 332 103 956 137">
     <span class='ocr_line' id='line_1_5' title="bbox 332 103 956 137; baseline -0.003 -1"><span class='ocrx_word' id='word_1_5' title='bbox 332 103 374 137; x_wconf 89' lang='grc'><strong>60</strong></span> <span class='ocrx_word' id='word_1_6' title='bbox 678 105 956 135; x_wconf 87' lang='lat' dir='ltr'>IUVENALIS</span> 
     </span>
    </p>
   </div>
   <div class='ocr_carea' id='block_1_6' title="bbox 331 169 1327 1796">
    <p class='ocr_par' dir='ltr' id='par_1_6' title="bbox 331 169 1083 218">
     <span class='ocr_line' id='line_1_6' title="bbox 331 169 1083 218; baseline 0.003 -13"><span class='ocrx_word' id='word_1_7' title='bbox 331 170 489 218; x_wconf 81' lang='lat' dir='ltr'><strong>frigidior</strong></span> <span class='ocrx_word' id='word_1_8' title='bbox 503 169 630 206; x_wconf 90' lang='lat' dir='ltr'><strong>Geticis</strong></span> <span class='ocrx_word' id='word_1_9' title='bbox 645 172 772 217; x_wconf 88' lang='lat' dir='ltr'><strong>petitur</strong></span> <span class='ocrx_word' id='word_1_10' title='bbox 785 172 920 207; x_wconf 85' lang='lat' dir='ltr'><strong>decocta</strong></span> <span class='ocrx_word' id='word_1_11' title='bbox 935 173 1083 218; x_wconf 88' lang='lat' dir='ltr'><strong>pruinis.</strong></span> 
     </span>
    </p>

    <p class='ocr_par' dir='ltr' id='par_1_7' title="bbox 332 220 1163 268">
     <span class='ocr_line' id='line_1_7' title="bbox 332 220 1163 268; baseline 0 -13"><span class='ocrx_word' id='word_1_12' title='bbox 332 221 408 256; x_wconf 89' lang='lat' dir='ltr'><strong>Non</strong></span> <span class='ocrx_word' id='word_1_13' title='bbox 422 220 541 255; x_wconf 88' lang='lat' dir='ltr'><strong>eadem</strong></span> <span class='ocrx_word' id='word_1_14' title='bbox 559 221 658 255; x_wconf 81' lang='lat' dir='ltr'><strong>vobis</strong></span> <span class='ocrx_word' id='word_1_15' title='bbox 672 221 755 266; x_wconf 87' lang='lat' dir='ltr'><strong>poni</strong></span> <span class='ocrx_word' id='word_1_16' title='bbox 768 221 870 255; x_wconf 91' lang='lat' dir='ltr'><strong>modo</strong></span> <span class='ocrx_word' id='word_1_17' title='bbox 884 222 964 256; x_wconf 90' lang='lat' dir='ltr'><strong>vina</strong></span> <span class='ocrx_word' id='word_1_18' title='bbox 977 221 1163 268; x_wconf 87' lang='lat' dir='ltr'><strong>querebar:</strong></span> 
     </span>
    </p>

    <p class='ocr_par' dir='ltr' id='par_1_8' title="bbox 332 269 1197 316">
     <span class='ocr_line' id='line_1_8' title="bbox 332 269 1197 316; baseline 0 -11"><span class='ocrx_word' id='word_1_19' title='bbox 332 280 393 305; x_wconf 86' lang='lat' dir='ltr'><strong>vos</strong></span> <span class='ocrx_word' id='word_1_20' title='bbox 408 269 509 304; x_wconf 89' lang='lat' dir='ltr'><strong>aliam</strong></span> <span class='ocrx_word' id='word_1_21' title='bbox 526 270 649 315; x_wconf 86' lang='lat' dir='ltr'><strong>potatis</strong></span> <span class='ocrx_word' id='word_1_22' title='bbox 664 281 805 315; x_wconf 87' lang='lat' dir='ltr'><strong>aquam.</strong></span> <span class='ocrx_word' id='word_1_23' title='bbox 847 270 923 304; x_wconf 84' lang='lat' dir='ltr'><strong>Tibi</strong></span> <span class='ocrx_word' id='word_1_24' title='bbox 942 271 1063 316; x_wconf 86' lang='lat' dir='ltr'><strong>pocula</strong></span> <span class='ocrx_word' id='word_1_25' title='bbox 1078 282 1197 305; x_wconf 89' lang='lat' dir='ltr'><strong>cursor</strong></span> 
     </span>
    </p>

    <p class='ocr_par' dir='ltr' id='par_1_9' title="bbox 332 318 1189 365">
     <span class='ocr_line' id='line_1_9' title="bbox 332 318 1189 365; baseline 0 -11"><span class='ocrx_word' id='word_1_26' title='bbox 332 318 500 354; x_wconf 85' lang='lat' dir='ltr'><strong>Gaetulus</strong></span> <span class='ocrx_word' id='word_1_27' title='bbox 513 319 620 360; x_wconf 79' lang='lat' dir='ltr'><strong>dabit,</strong></span> <span class='ocrx_word' id='word_1_28' title='bbox 638 324 697 353; x_wconf 89' lang='lat' dir='ltr'><strong>aut</strong></span> <span class='ocrx_word' id='word_1_29' title='bbox 711 319 803 365; x_wconf 80' lang='lat' dir='ltr'><strong>nigri</strong></span> <span class='ocrx_word' id='word_1_30' title='bbox 816 330 942 353; x_wconf 90' lang='lat' dir='ltr'><strong>manus</strong></span> <span class='ocrx_word' id='word_1_31' title='bbox 955 331 1051 355; x_wconf 85' lang='lat' dir='ltr'><strong>ossea</strong></span> <span class='ocrx_word' id='word_1_32' title='bbox 1065 321 1189 362; x_wconf 80' lang='lat' dir='ltr'><strong>Mauri,</strong></span> 
     </span>
    </p>

    <p class='ocr_par' dir='ltr' id='par_1_10' title="bbox 331 368 1120 414">
     <span class='ocr_line' id='line_1_10' title="bbox 331 368 1120 414; baseline 0.003 -12"><span class='ocrx_word' id='word_1_33' title='bbox 331 373 364 403; x_wconf 88' lang='lat' dir='ltr'><strong>et</strong></span> <span class='ocrx_word' id='word_1_34' title='bbox 376 369 433 403; x_wconf 92' lang='lat' dir='ltr'><strong>cui</strong></span> <span class='ocrx_word' id='word_1_35' title='bbox 447 379 508 414; x_wconf 87' lang='lat' dir='ltr'><strong>per</strong></span> <span class='ocrx_word' id='word_1_36' title='bbox 521 368 672 403; x_wconf 84' lang='lat' dir='ltr'><strong>mediam</strong></span> <span class='ocrx_word' id='word_1_37' title='bbox 687 368 776 402; x_wconf 86' lang='lat' dir='ltr'><strong>nolis</strong></span> <span class='ocrx_word' id='word_1_38' title='bbox 789 379 964 403; x_wconf 78' lang='lat' dir='ltr'><strong>occurrere</strong></span> <span class='ocrx_word' id='word_1_39' title='bbox 976 375 1120 411; x_wconf 87' lang='lat' dir='ltr'><strong>noctem,</strong></span> 
     </span>
    </p>

    <p class='ocr_par' dir='ltr' id='par_1_11' title="bbox 331 417 1204 464">
     <span class='ocr_line' id='line_1_11' title="bbox 331 417 1204 464; baseline 0.001 -12"><span class='ocrx_word' id='word_1_40' title='bbox 331 417 480 452; x_wconf 76' lang='lat' dir='ltr'><strong>clivosae</strong></span> <span class='ocrx_word' id='word_1_41' title='bbox 493 418 629 453; x_wconf 88' lang='lat' dir='ltr'><strong>veheris</strong></span> <span class='ocrx_word' id='word_1_42' title='bbox 643 417 728 452; x_wconf 88' lang='lat' dir='ltr'><strong>dum</strong></span> <span class='ocrx_word' id='word_1_43' title='bbox 744 429 804 464; x_wconf 87' lang='lat' dir='ltr'><strong>per</strong></span> <span class='ocrx_word' id='word_1_44' title='bbox 817 423 1041 453; x_wconf 89' lang='lat' dir='ltr'><strong>monumenta</strong></span> <span class='ocrx_word' id='word_1_45' title='bbox 1056 419 1204 454; x_wconf 81' lang='lat' dir='ltr'><strong>Latinae.</strong></span> 
     </span>
    </p>

    <p class='ocr_par' dir='ltr' id='par_1_12' title="bbox 332 466 1202 513">
     <span class='ocr_line' id='line_1_12' title="bbox 332 466 1202 513; baseline 0 -11"><span class='ocrx_word' id='word_1_46' title='bbox 332 467 414 502; x_wconf 88' lang='lat' dir='ltr'>Flos</span> <span class='ocrx_word' id='word_1_47' title='bbox 428 466 530 502; x_wconf 86' lang='lat' dir='ltr'><strong>Asiae</strong></span> <span class='ocrx_word' id='word_1_48' title='bbox 544 472 622 502; x_wconf 85' lang='lat' dir='ltr'><strong>ante</strong></span> <span class='ocrx_word' id='word_1_49' title='bbox 639 467 767 512; x_wconf 89' lang='lat' dir='ltr'><strong>ipsum,</strong></span> <span class='ocrx_word' id='word_1_50' title='bbox 787 468 896 513; x_wconf 87' lang='lat' dir='ltr'><strong>pretio</strong></span> <span class='ocrx_word' id='word_1_51' title='bbox 910 468 1037 503; x_wconf 90' lang='lat' dir='ltr'><strong>maiore</strong></span> <span class='ocrx_word' id='word_1_52' title='bbox 1051 474 1202 513; x_wconf 77' lang='lat' dir='ltr'><strong>paratus,</strong></span> 
     </span>
    </p>

    <p class='ocr_par' dir='ltr' id='par_1_13' title="bbox 333 516 1169 564">
     <span class='ocr_line' id='line_1_13' title="bbox 333 516 1169 564; baseline 0.001 -13"><span class='ocrx_word' id='word_1_53' title='bbox 333 527 442 562; x_wconf 87' lang='lat' dir='ltr'><strong>quam</strong></span> <span class='ocrx_word' id='word_1_54' title='bbox 457 516 523 551; x_wconf 85' lang='lat' dir='ltr'><strong>fuit</strong></span> <span class='ocrx_word' id='word_1_55' title='bbox 537 521 569 551; x_wconf 89' lang='lat' dir='ltr'><strong>et</strong></span> <span class='ocrx_word' id='word_1_56' title='bbox 583 516 674 552; x_wconf 87' lang='lat' dir='ltr'><strong>Tulli</strong></span> <span class='ocrx_word' id='word_1_57' title='bbox 687 528 813 552; x_wconf 90' lang='lat' dir='ltr'><strong>census</strong></span> <span class='ocrx_word' id='word_1_58' title='bbox 826 518 1009 564; x_wconf 79' lang='lat' dir='ltr'><strong>pugnacis,</strong></span> <span class='ocrx_word' id='word_1_59' title='bbox 1026 523 1058 552; x_wconf 91' lang='lat' dir='ltr'><strong>et</strong></span> <span class='ocrx_word' id='word_1_60' title='bbox 1070 517 1169 559; x_wconf 87' lang='lat' dir='ltr'><strong>Anci,</strong></span> 
     </span>
    </p>

    <p class='ocr_par' dir='ltr' id='par_1_14' title="bbox 333 566 1174 613">
     <span class='ocr_line' id='line_1_14' title="bbox 333 566 1174 613; baseline 0.001 -13"><span class='ocrx_word' id='word_1_61' title='bbox 333 571 377 607; x_wconf 89' lang='lat' dir='ltr'><strong>et,</strong></span> <span class='ocrx_word' id='word_1_62' title='bbox 397 571 484 601; x_wconf 87' lang='lat' dir='ltr'><strong>nete</strong></span> <span class='ocrx_word' id='word_1_63' title='bbox 498 571 646 607; x_wconf 85' lang='lat' dir='ltr'><strong>teneam,</strong></span> <span class='ocrx_word' id='word_1_64' title='bbox 666 566 904 601; x_wconf 86' lang='lat' dir='ltr'><strong>Romanorum</strong></span> <span class='ocrx_word' id='word_1_65' title='bbox 919 567 1035 601; x_wconf 88' lang='lat' dir='ltr'><strong>omnia</strong></span> <span class='ocrx_word' id='word_1_66' title='bbox 1051 577 1174 613; x_wconf 85' lang='lat' dir='ltr'><strong>regum</strong></span> 
     </span>
    </p>

    <p class='ocr_par' dir='ltr' id='par_1_15' title="bbox 332 614 1318 664">
     <span class='ocr_line' id='line_1_15' title="bbox 332 614 1318 664; baseline 0.003 -15"><span class='ocrx_word' id='word_1_67' title='bbox 332 614 469 650; x_wconf 87' lang='lat' dir='ltr'><strong>frivola.</strong></span> <span class='ocrx_word' id='word_1_68' title='bbox 493 615 593 658; x_wconf 90' lang='lat' dir='ltr'><strong>Quod</strong></span> <span class='ocrx_word' id='word_1_69' title='bbox 601 627 712 662; x_wconf 90' lang='lat' dir='ltr'><strong>quum</strong></span> <span class='ocrx_word' id='word_1_70' title='bbox 722 616 766 650; x_wconf 92' lang='lat' dir='ltr'><strong>ita</strong></span> <span class='ocrx_word' id='word_1_71' title='bbox 775 616 829 657; x_wconf 89' lang='lat' dir='ltr'><strong>sit,</strong></span> <span class='ocrx_word' id='word_1_72' title='bbox 841 621 878 650; x_wconf 91' lang='lat' dir='ltr'><strong>tu</strong></span> <span class='ocrx_word' id='word_1_73' title='bbox 888 616 1073 650; x_wconf 82' lang='lat' dir='ltr'><strong>Gaetulum</strong></span> <span class='ocrx_word' id='word_1_74' title='bbox 1082 616 1318 664; x_wconf 76' lang='lat' dir='ltr'><strong>Ganymeden]</strong></span> 
     </span>
    </p>

    <p class='ocr_par' dir='ltr' id='par_1_16' title="bbox 333 665 1246 711">
     <span class='ocr_line' id='line_1_16' title="bbox 333 665 1246 711; baseline 0.001 -12"><span class='ocrx_word' id='word_1_75' title='bbox 333 665 474 710; x_wconf 82' lang='lat' dir='ltr'><strong>respice,</strong></span> <span class='ocrx_word' id='word_1_76' title='bbox 491 676 604 711; x_wconf 88' lang='lat' dir='ltr'><strong>quum</strong></span> <span class='ocrx_word' id='word_1_77' title='bbox 619 665 727 700; x_wconf 85' lang='lat' dir='ltr'><strong>sities.</strong></span> <span class='ocrx_word' id='word_1_78' title='bbox 769 666 884 699; x_wconf 87' lang='lat' dir='ltr'><strong>Nescit</strong></span> <span class='ocrx_word' id='word_1_79' title='bbox 900 670 946 700; x_wconf 92' lang='lat' dir='ltr'><strong>tot</strong></span> <span class='ocrx_word' id='word_1_80' title='bbox 960 665 1118 700; x_wconf 86' lang='lat' dir='ltr'><strong>millibus</strong></span> <span class='ocrx_word' id='word_1_81' title='bbox 1133 671 1246 701; x_wconf 86' lang='lat' dir='ltr'><strong>emtus</strong></span> 
     </span>
    </p>

    <p class='ocr_par' dir='ltr' id='par_1_17' title="bbox 332 714 1237 760">
     <span class='ocr_line' id='line_1_17' title="bbox 332 714 1237 760; baseline 0.002 -12"><span class='ocrx_word' id='word_1_82' title='bbox 332 714 545 760; x_wconf 86' lang='lat' dir='ltr'><strong>pauperibus</strong></span> <span class='ocrx_word' id='word_1_83' title='bbox 560 715 703 749; x_wconf 79' lang='lat' dir='ltr'><strong>miscere</strong></span> <span class='ocrx_word' id='word_1_84' title='bbox 718 725 822 759; x_wconf 88' lang='lat' dir='ltr'><strong>puer:</strong></span> <span class='ocrx_word' id='word_1_85' title='bbox 851 714 912 748; x_wconf 85' lang='lat' dir='ltr'><strong>sed</strong></span> <span class='ocrx_word' id='word_1_86' title='bbox 930 714 1051 755; x_wconf 77' lang='lat' dir='ltr'><strong>forma,</strong></span> <span class='ocrx_word' id='word_1_87' title='bbox 1071 715 1131 749; x_wconf 89' lang='lat' dir='ltr'><strong>sed</strong></span> <span class='ocrx_word' id='word_1_88' title='bbox 1145 720 1237 750; x_wconf 86' lang='lat' dir='ltr'><strong>aetas</strong></span> 
     </span>
    </p>

    <p class='ocr_par' dir='ltr' id='par_1_18' title="bbox 333 763 1197 810">
     <span class='ocr_line' id='line_1_18' title="bbox 333 763 1197 810; baseline -0.001 -13"><span class='ocrx_word' id='word_1_89' title='bbox 333 763 439 810; x_wconf 82' lang='lat' dir='ltr'><strong>digna</strong></span> <span class='ocrx_word' id='word_1_90' title='bbox 453 764 650 809; x_wconf 86' lang='lat' dir='ltr'><strong>supercilio.</strong></span> <span class='ocrx_word' id='word_1_91' title='bbox 679 763 826 804; x_wconf 79' lang='lat' dir='ltr'><strong>Quando</strong></span> <span class='ocrx_word' id='word_1_92' title='bbox 842 763 885 796; x_wconf 89' lang='lat' dir='ltr'><strong>ad</strong></span> <span class='ocrx_word' id='word_1_93' title='bbox 899 769 931 796; x_wconf 88' lang='lat' dir='ltr'><strong>te</strong></span> <span class='ocrx_word' id='word_1_94' title='bbox 946 764 1102 807; x_wconf 81' lang='lat' dir='ltr'><strong>pervenit</strong></span> <span class='ocrx_word' id='word_1_95' title='bbox 1116 763 1197 797; x_wconf 71' lang='lat' dir='ltr'><strong>ille‘?</strong></span> 
     </span>
    </p>

    <p class='ocr_par' dir='ltr' id='par_1_19' title="bbox 334 810 1295 857">
     <span class='ocr_line' id='line_1_19' title="bbox 334 810 1295 857; baseline 0 -11"><span class='ocrx_word' id='word_1_96' title='bbox 334 812 475 857; x_wconf 83' lang='lat' dir='ltr'><strong>quando</strong></span> <span class='ocrx_word' id='word_1_97' title='bbox 490 817 631 846; x_wconf 73' lang='lat' dir='ltr'><strong>vocatus</strong></span> <span class='ocrx_word' id='word_1_98' title='bbox 647 810 741 844; x_wconf 83' lang='lat' dir='ltr'><strong>adest</strong></span> <span class='ocrx_word' id='word_1_99' title='bbox 756 810 886 845; x_wconf 80' lang='lat' dir='ltr'><strong>calidae</strong></span> <span class='ocrx_word' id='word_1_100' title='bbox 899 811 1104 857; x_wconf 86' lang='lat' dir='ltr'><strong>gelidaeque</strong></span> <span class='ocrx_word' id='word_1_101' title='bbox 1112 811 1295 848; x_wconf 69' lang='lat' dir='ltr'><strong>minister?</strong></span> 
     </span>
    </p>

    <p class='ocr_par' dir='ltr' id='par_1_20' title="bbox 333 859 1090 907">
     <span class='ocr_line' id='line_1_20' title="bbox 333 859 1090 907; baseline 0 -12"><span class='ocrx_word' id='word_1_102' title='bbox 333 860 470 906; x_wconf 85' lang='lat' dir='ltr'><strong>Quippe</strong></span> <span class='ocrx_word' id='word_1_103' title='bbox 484 860 688 907; x_wconf 86' lang='lat' dir='ltr'><strong>indignatur</strong></span> <span class='ocrx_word' id='word_1_104' title='bbox 700 861 806 895; x_wconf 84' lang='lat' dir='ltr'><strong>veteri</strong></span> <span class='ocrx_word' id='word_1_105' title='bbox 820 871 940 906; x_wconf 84' lang='lat' dir='ltr'><strong>parere</strong></span> <span class='ocrx_word' id='word_1_106' title='bbox 962 859 1090 903; x_wconf 90' lang='lat' dir='ltr'><strong>clienti,</strong></span> 
     </span>
    </p>

    <p class='ocr_par' dir='ltr' id='par_1_21' title="bbox 333 909 1322 956">
     <span class='ocr_line' id='line_1_21' title="bbox 333 909 1322 956; baseline 0.002 -11"><span class='ocrx_word' id='word_1_107' title='bbox 333 910 498 956; x_wconf 89' lang='lat' dir='ltr'><strong>quodque</strong></span> <span class='ocrx_word' id='word_1_108' title='bbox 512 909 647 956; x_wconf 91' lang='lat' dir='ltr'><strong>aliquid</strong></span> <span class='ocrx_word' id='word_1_109' title='bbox 667 921 788 956; x_wconf 88' lang='lat' dir='ltr'><strong>poscas</strong></span> <span class='ocrx_word' id='word_1_110' title='bbox 801 915 833 945; x_wconf 91' lang='lat' dir='ltr'><strong>et</strong></span> <span class='ocrx_word' id='word_1_111' title='bbox 847 910 943 956; x_wconf 88' lang='lat' dir='ltr'><strong>quod</strong></span> <span class='ocrx_word' id='word_1_112' title='bbox 958 922 995 945; x_wconf 86' lang='lat' dir='ltr'><strong>se</strong></span> <span class='ocrx_word' id='word_1_113' title='bbox 1009 915 1119 945; x_wconf 86' lang='lat' dir='ltr'><strong>stante</strong></span> <span class='ocrx_word' id='word_1_114' title='bbox 1127 910 1322 947; x_wconf 80' lang='lat' dir='ltr'><strong>recumbas.</strong></span> 
     </span>
    </p>

    <p class='ocr_par' dir='ltr' id='par_1_22' title="bbox 334 960 1322 1056">
     <span class='ocr_line' id='line_1_22' title="bbox 334 960 1322 1007; baseline 0 -12"><span class='ocrx_word' id='word_1_115' title='bbox 334 960 489 996; x_wconf 82' lang='lat' dir='ltr'><strong>Maxima</strong></span> <span class='ocrx_word' id='word_1_116' title='bbox 510 971 670 1006; x_wconf 81' lang='lat' dir='ltr'><strong>quaeque</strong></span> <span class='ocrx_word' id='word_1_117' title='bbox 692 960 819 995; x_wconf 89' lang='lat' dir='ltr'><strong>domus</strong></span> <span class='ocrx_word' id='word_1_118' title='bbox 840 961 950 995; x_wconf 86' lang='lat' dir='ltr'><strong>servis</strong></span> <span class='ocrx_word' id='word_1_119' title='bbox 966 965 1015 996; x_wconf 88' lang='lat' dir='ltr'><strong>est</strong></span> <span class='ocrx_word' id='word_1_120' title='bbox 1030 960 1132 1006; x_wconf 87' lang='lat' dir='ltr'><strong>plena</strong></span> <span class='ocrx_word' id='word_1_121' title='bbox 1147 961 1322 1007; x_wconf 85' lang='lat' dir='ltr'><strong>superbis.</strong></span> 
     </span>
     <span class='ocr_line' id='line_1_23' title="bbox 382 1010 1221 1056; baseline 0.002 -12"><span class='ocrx_word' id='word_1_122' title='bbox 382 1010 470 1044; x_wconf 87' lang='lat' dir='ltr'><strong>Ecce</strong></span> <span class='ocrx_word' id='word_1_123' title='bbox 486 1010 576 1045; x_wconf 90' lang='lat' dir='ltr'><strong>alius</strong></span> <span class='ocrx_word' id='word_1_124' title='bbox 590 1015 720 1056; x_wconf 92' lang='lat' dir='ltr'><strong>quanto</strong></span> <span class='ocrx_word' id='word_1_125' title='bbox 733 1010 886 1055; x_wconf 72' lang='lat' dir='ltr'><strong>porrexit</strong></span> <span class='ocrx_word' id='word_1_126' title='bbox 900 1021 1081 1045; x_wconf 84' lang='lat' dir='ltr'><strong>murmure</strong></span> <span class='ocrx_word' id='word_1_127' title='bbox 1094 1021 1221 1055; x_wconf 84' lang='lat' dir='ltr'><strong>panem</strong></span> 
     </span>
    </p>

    <p class='ocr_par' dir='ltr' id='par_1_23' title="bbox 335 1057 1231 1100">
     <span class='ocr_line' id='line_1_24' title="bbox 335 1057 1231 1100; baseline -0.001 -6"><span class='ocrx_word' id='word_1_128' title='bbox 335 1059 396 1094; x_wconf 82' lang='lat' dir='ltr'><strong>vix</strong></span> <span class='ocrx_word' id='word_1_129' title='bbox 411 1058 570 1100; x_wconf 86' lang='lat' dir='ltr'><strong>fractum,</strong></span> <span class='ocrx_word' id='word_1_130' title='bbox 588 1059 716 1093; x_wconf 84' lang='lat' dir='ltr'><strong>solidae</strong></span> <span class='ocrx_word' id='word_1_131' title='bbox 731 1060 800 1092; x_wconf 81' lang='lat' dir='ltr'><strong>iam</strong></span> <span class='ocrx_word' id='word_1_132' title='bbox 814 1059 954 1092; x_wconf 84' lang='lat' dir='ltr'><strong>mucida</strong></span> <span class='ocrx_word' id='word_1_133' title='bbox 966 1059 1076 1092; x_wconf 82' lang='lat' dir='ltr'><strong>frusta</strong></span> <span class='ocrx_word' id='word_1_134' title='bbox 1091 1057 1231 1100; x_wconf 81' lang='lat' dir='ltr'><strong>farinae,</strong></span> 
     </span>
    </p>

    <p class='ocr_par' dir='ltr' id='par_1_24' title="bbox 335 1107 1322 1155">
     <span class='ocr_line' id='line_1_25' title="bbox 335 1107 1322 1155; baseline 0.002 -13"><span class='ocrx_word' id='word_1_135' title='bbox 335 1119 425 1153; x_wconf 88' lang='lat' dir='ltr'><strong>quae</strong></span> <span class='ocrx_word' id='word_1_136' title='bbox 445 1109 642 1154; x_wconf 85' lang='lat' dir='ltr'><strong>genuinum</strong></span> <span class='ocrx_word' id='word_1_137' title='bbox 662 1109 801 1155; x_wconf 78' lang='lat' dir='ltr'><strong>agitent,</strong></span> <span class='ocrx_word' id='word_1_138' title='bbox 830 1118 898 1143; x_wconf 92' lang='lat' dir='ltr'><strong>non</strong></span> <span class='ocrx_word' id='word_1_139' title='bbox 917 1107 1132 1143; x_wconf 87' lang='lat' dir='ltr'><strong>admittentia</strong></span> <span class='ocrx_word' id='word_1_140' title='bbox 1152 1119 1322 1144; x_wconf 90' lang='lat' dir='ltr'><strong>morsum.</strong></span> 
     </span>
    </p>

    <p class='ocr_par' dir='ltr' id='par_1_25' title="bbox 334 1157 1160 1204">
     <span class='ocr_line' id='line_1_26' title="bbox 334 1157 1160 1204; baseline 0 -12"><span class='ocrx_word' id='word_1_141' title='bbox 334 1157 402 1192; x_wconf 88' lang='lat' dir='ltr'><strong>Sed</strong></span> <span class='ocrx_word' id='word_1_142' title='bbox 416 1162 510 1192; x_wconf 83' lang='lat' dir='ltr'><strong>tener</strong></span> <span class='ocrx_word' id='word_1_143' title='bbox 522 1162 554 1191; x_wconf 87' lang='lat' dir='ltr'><strong>et</strong></span> <span class='ocrx_word' id='word_1_144' title='bbox 572 1158 696 1192; x_wconf 85' lang='lat' dir='ltr'><strong>niveus</strong></span> <span class='ocrx_word' id='word_1_145' title='bbox 715 1157 884 1203; x_wconf 88' lang='lat' dir='ltr'><strong>mollique</strong></span> <span class='ocrx_word' id='word_1_146' title='bbox 899 1157 1038 1204; x_wconf 76' lang='lat' dir='ltr'><strong>siligine</strong></span> <span class='ocrx_word' id='word_1_147' title='bbox 1050 1157 1160 1193; x_wconf 88' lang='lat' dir='ltr'><strong>sactus</strong></span> 
     </span>
    </p>

    <p class='ocr_par' dir='ltr' id='par_1_26' title="bbox 336 1206 1234 1243">
     <span class='ocr_line' id='line_1_27' title="bbox 336 1206 1234 1243; baseline 0.002 -2"><span class='ocrx_word' id='word_1_148' title='bbox 336 1213 493 1242; x_wconf 86' lang='lat' dir='ltr'><strong>servatur</strong></span> <span class='ocrx_word' id='word_1_149' title='bbox 507 1206 661 1241; x_wconf 87' lang='lat' dir='ltr'><strong>domino.</strong></span> <span class='ocrx_word' id='word_1_150' title='bbox 701 1207 864 1240; x_wconf 84' lang='lat' dir='ltr'><strong>Dextram</strong></span> <span class='ocrx_word' id='word_1_151' title='bbox 877 1206 1036 1240; x_wconf 84' lang='lat' dir='ltr'><strong>cohibere</strong></span> <span class='ocrx_word' id='word_1_152' title='bbox 1049 1213 1234 1243; x_wconf 85' lang='lat' dir='ltr'><strong>memento.</strong></span> 
     </span>
    </p>

    <p class='ocr_par' dir='ltr' id='par_1_27' title="bbox 336 1255 1208 1302">
     <span class='ocr_line' id='line_1_28' title="bbox 336 1255 1208 1302; baseline 0.001 -12"><span class='ocrx_word' id='word_1_153' title='bbox 336 1255 436 1291; x_wconf 77' lang='lat' dir='ltr'><strong>Salva</strong></span> <span class='ocrx_word' id='word_1_154' title='bbox 453 1256 498 1290; x_wconf 88' lang='lat' dir='ltr'><strong>sit</strong></span> <span class='ocrx_word' id='word_1_155' title='bbox 515 1255 663 1301; x_wconf 83' lang='lat' dir='ltr'><strong>artocopi</strong></span> <span class='ocrx_word' id='word_1_156' title='bbox 679 1255 878 1290; x_wconf 82' lang='lat' dir='ltr'><strong>reverentia.</strong></span> <span class='ocrx_word' id='word_1_157' title='bbox 919 1255 1030 1302; x_wconf 88' lang='lat' dir='ltr'><strong>Finge</strong></span> <span class='ocrx_word' id='word_1_158' title='bbox 1043 1260 1157 1289; x_wconf 87' lang='lat' dir='ltr'><strong>tamen</strong></span> <span class='ocrx_word' id='word_1_159' title='bbox 1175 1262 1208 1291; x_wconf 84' lang='lat' dir='ltr'><strong>te</strong></span> 
     </span>
    </p>

    <p class='ocr_par' dir='ltr' id='par_1_28' title="bbox 336 1304 1217 1352">
     <span class='ocr_line' id='line_1_29' title="bbox 336 1304 1217 1352; baseline 0 -12"><span class='ocrx_word' id='word_1_160' title='bbox 336 1304 590 1350; x_wconf 85' lang='lat' dir='ltr'><strong>improbulnm,</strong></span> <span class='ocrx_word' id='word_1_161' title='bbox 613 1314 769 1350; x_wconf 83' lang='lat' dir='ltr'><strong>superest</strong></span> <span class='ocrx_word' id='word_1_162' title='bbox 784 1305 864 1346; x_wconf 88' lang='lat' dir='ltr'><strong>illic,</strong></span> <span class='ocrx_word' id='word_1_163' title='bbox 885 1304 946 1350; x_wconf 87' lang='lat' dir='ltr'><strong>qui</strong></span> <span class='ocrx_word' id='word_1_164' title='bbox 964 1315 1089 1350; x_wconf 86' lang='lat' dir='ltr'><strong>ponere</strong></span> <span class='ocrx_word' id='word_1_165' title='bbox 1103 1310 1217 1352; x_wconf 89' lang='lat' dir='ltr'><strong>cogat:</strong></span> 
     </span>
    </p>

    <p class='ocr_par' dir='ltr' id='par_1_29' title="bbox 336 1354 1154 1395">
     <span class='ocr_line' id='line_1_30' title="bbox 336 1354 1154 1395; baseline 0.001 -8"><span class='ocrx_word' id='word_1_166' title='bbox 336 1355 422 1389; x_wconf 80' lang='lat' dir='ltr'><strong>»Vis</strong></span> <span class='ocrx_word' id='word_1_167' title='bbox 436 1358 474 1388; x_wconf 87' lang='lat' dir='ltr'><strong>tu</strong></span> <span class='ocrx_word' id='word_1_168' title='bbox 488 1355 673 1395; x_wconf 88' lang='lat' dir='ltr'><strong>consuetis,</strong></span> <span class='ocrx_word' id='word_1_169' title='bbox 691 1355 805 1389; x_wconf 81' lang='lat' dir='ltr'><strong>audax</strong></span> <span class='ocrx_word' id='word_1_170' title='bbox 820 1354 978 1395; x_wconf 83' lang='lat' dir='ltr'><strong>conviva,</strong></span> <span class='ocrx_word' id='word_1_171' title='bbox 995 1354 1154 1394; x_wconf 71' lang='lat' dir='ltr'><strong>canistris</strong></span> 
     </span>
    </p>

    <p class='ocr_par' dir='ltr' id='par_1_30' title="bbox 336 1402 1130 1449">
     <span class='ocr_line' id='line_1_31' title="bbox 336 1402 1130 1449; baseline 0.001 -13"><span class='ocrx_word' id='word_1_172' title='bbox 336 1402 510 1448; x_wconf 83' lang='lat' dir='ltr'><strong>»impleri,</strong></span> <span class='ocrx_word' id='word_1_173' title='bbox 528 1404 699 1449; x_wconf 88' lang='lat' dir='ltr'><strong>panisque</strong></span> <span class='ocrx_word' id='word_1_174' title='bbox 713 1404 763 1438; x_wconf 85' lang='lat' dir='ltr'><strong>tui</strong></span> <span class='ocrx_word' id='word_1_175' title='bbox 779 1404 917 1438; x_wconf 89' lang='lat' dir='ltr'><strong>novisse</strong></span> <span class='ocrx_word' id='word_1_176' title='bbox 934 1402 1130 1438; x_wconf 75' lang='lat' dir='ltr'><strong>colore1n?«</strong></span> 
     </span>
    </p>

    <p class='ocr_par' dir='ltr' id='par_1_31' title="bbox 338 1453 1204 1498">
     <span class='ocr_line' id='line_1_32' title="bbox 338 1453 1204 1498; baseline -0.001 -9"><span class='ocrx_word' id='word_1_177' title='bbox 338 1453 477 1489; x_wconf 76' lang='lat' dir='ltr'><strong>Scilicet</strong></span> <span class='ocrx_word' id='word_1_178' title='bbox 490 1455 551 1487; x_wconf 80' lang='lat' dir='ltr'><strong>hoc</strong></span> <span class='ocrx_word' id='word_1_179' title='bbox 564 1457 689 1498; x_wconf 77' lang='lat' dir='ltr'><strong>fuerat,</strong></span> <span class='ocrx_word' id='word_1_180' title='bbox 702 1459 844 1497; x_wconf 75' lang='lat' dir='ltr'><strong>propter</strong></span> <span class='ocrx_word' id='word_1_181' title='bbox 857 1456 946 1498; x_wconf 82' lang='lat' dir='ltr'><strong>quod</strong></span> <span class='ocrx_word' id='word_1_182' title='bbox 959 1464 1067 1498; x_wconf 82' lang='lat' dir='ltr'><strong>saepe,</strong></span> <span class='ocrx_word' id='word_1_183' title='bbox 1083 1454 1204 1488; x_wconf 81' lang='lat' dir='ltr'><strong>relicta</strong></span> 
     </span>
    </p>

    <p class='ocr_par' dir='ltr' id='par_1_32' title="bbox 340 1506 1307 1548">
     <span class='ocr_line' id='line_1_33' title="bbox 340 1506 1307 1548; baseline 0.001 -12"><span class='ocrx_word' id='word_1_184' title='bbox 340 1506 492 1546; x_wconf 63' lang='lat' dir='ltr'><strong>coniuge,</strong></span> <span class='ocrx_word' id='word_1_185' title='bbox 509 1515 574 1546; x_wconf 78' lang='lat' dir='ltr'><strong>per</strong></span> <span class='ocrx_word' id='word_1_186' title='bbox 591 1509 734 1537; x_wconf 79' lang='lat' dir='ltr'><strong>montem</strong></span> <span class='ocrx_word' id='word_1_187' title='bbox 752 1506 934 1538; x_wconf 77' lang='lat' dir='ltr'><strong>adversum</strong></span> <span class='ocrx_word' id='word_1_188' title='bbox 953 1506 1148 1548; x_wconf 71' lang='lat' dir='ltr'><strong>qelidasque</strong></span> <span class='ocrx_word' id='word_1_189' title='bbox 1167 1506 1307 1538; x_wconf 79' lang='lat' dir='ltr'><strong>cucurri</strong></span> 
     </span>
    </p>

    <p class='ocr_par' dir='ltr' id='par_1_33' title="bbox 338 1552 1251 1598">
     <span class='ocr_line' id='line_1_34' title="bbox 338 1552 1251 1598; baseline 0 -12"><span class='ocrx_word' id='word_1_190' title='bbox 338 1552 525 1596; x_wconf 77' lang='lat' dir='ltr'><strong>Esquilias,</strong></span> <span class='ocrx_word' id='word_1_191' title='bbox 541 1556 698 1597; x_wconf 71' lang='lat' dir='ltr'><strong>fremeret</strong></span> <span class='ocrx_word' id='word_1_192' title='bbox 711 1565 814 1588; x_wconf 76' lang='lat' dir='ltr'><strong>saeva</strong></span> <span class='ocrx_word' id='word_1_193' title='bbox 829 1565 932 1598; x_wconf 82' lang='lat' dir='ltr'><strong>quum</strong></span> <span class='ocrx_word' id='word_1_194' title='bbox 947 1555 1114 1598; x_wconf 74' lang='lat' dir='ltr'><strong>qrandine</strong></span> <span class='ocrx_word' id='word_1_195' title='bbox 1126 1564 1251 1588; x_wconf 78' lang='lat' dir='ltr'><strong>vernus</strong></span> 
     </span>
    </p>

    <p class='ocr_par' dir='ltr' id='par_1_34' title="bbox 340 1602 1105 1646">
     <span class='ocr_line' id='line_1_35' title="bbox 340 1602 1105 1646; baseline 0.003 -12"><span class='ocrx_word' id='word_1_196' title='bbox 340 1602 472 1644; x_wconf 69' lang='lat' dir='ltr'><strong>Iupiter</strong></span> <span class='ocrx_word' id='word_1_197' title='bbox 487 1607 517 1635; x_wconf 78' lang='lat' dir='ltr'><strong>ec</strong></span> <span class='ocrx_word' id='word_1_198' title='bbox 531 1604 636 1636; x_wconf 77' lang='lat' dir='ltr'><strong>multo</strong></span> <span class='ocrx_word' id='word_1_199' title='bbox 648 1605 796 1637; x_wconf 74' lang='lat' dir='ltr'><strong>stillaret</strong></span> <span class='ocrx_word' id='word_1_200' title='bbox 809 1605 961 1646; x_wconf 79' lang='lat' dir='ltr'><strong>paenula</strong></span> <span class='ocrx_word' id='word_1_201' title='bbox 975 1603 1105 1636; x_wconf 78' lang='lat' dir='ltr'><strong>nimbo!</strong></span> 
     </span>
    </p>

    <p class='ocr_par' dir='ltr' id='par_1_35' title="bbox 340 1650 1239 1698">
     <span class='ocr_line' id='line_1_36' title="bbox 340 1650 1239 1698; baseline 0.003 -15"><span class='ocrx_word' id='word_1_202' title='bbox 340 1650 499 1695; x_wconf 83' lang='lat' dir='ltr'><strong>Adspice,</strong></span> <span class='ocrx_word' id='word_1_203' title='bbox 517 1662 622 1696; x_wconf 89' lang='lat' dir='ltr'><strong>quam</strong></span> <span class='ocrx_word' id='word_1_204' title='bbox 644 1650 747 1698; x_wconf 90' lang='lat' dir='ltr'><strong>longo</strong></span> <span class='ocrx_word' id='word_1_205' title='bbox 762 1651 933 1686; x_wconf 82' lang='lat' dir='ltr'><strong>distendat</strong></span> <span class='ocrx_word' id='word_1_206' title='bbox 946 1655 1078 1698; x_wconf 84' lang='lat' dir='ltr'><strong>pectore</strong></span> <span class='ocrx_word' id='word_1_207' title='bbox 1094 1650 1239 1692; x_wconf 87' lang='lat' dir='ltr'><strong>lancem,</strong></span> 
     </span>
    </p>

    <p class='ocr_par' dir='ltr' id='par_1_36' title="bbox 341 1698 1327 1748">
     <span class='ocr_line' id='line_1_37' title="bbox 341 1698 1327 1748; baseline 0.001 -15"><span class='ocrx_word' id='word_1_208' title='bbox 341 1710 431 1746; x_wconf 88' lang='lat' dir='ltr'><strong>quae</strong></span> <span class='ocrx_word' id='word_1_209' title='bbox 445 1698 552 1734; x_wconf 86' lang='lat' dir='ltr'><strong>fertur</strong></span> <span class='ocrx_word' id='word_1_210' title='bbox 566 1699 719 1741; x_wconf 88' lang='lat' dir='ltr'><strong>domino,</strong></span> <span class='ocrx_word' id='word_1_211' title='bbox 731 1700 873 1746; x_wconf 88' lang='lat' dir='ltr'><strong>squilla,</strong></span> <span class='ocrx_word' id='word_1_212' title='bbox 890 1706 922 1736; x_wconf 85' lang='lat' dir='ltr'><strong>et</strong></span> <span class='ocrx_word' id='word_1_213' title='bbox 930 1701 1060 1747; x_wconf 89' lang='lat' dir='ltr'><strong>quibus</strong></span> <span class='ocrx_word' id='word_1_214' title='bbox 1069 1700 1226 1748; x_wconf 86' lang='lat' dir='ltr'><strong>undique</strong></span> <span class='ocrx_word' id='word_1_215' title='bbox 1234 1705 1327 1747; x_wconf 77' lang='lat' dir='ltr'><strong>septa</strong></span> 
     </span>
    </p>

    <p class='ocr_par' dir='ltr' id='par_1_37' title="bbox 341 1749 1103 1796">
     <span class='ocr_line' id='line_1_38' title="bbox 341 1749 1103 1796; baseline 0 -12"><span class='ocrx_word' id='word_1_216' title='bbox 341 1750 531 1796; x_wconf 84' lang='lat' dir='ltr'><strong>asparagis,</strong></span> <span class='ocrx_word' id='word_1_217' title='bbox 546 1760 616 1795; x_wconf 88' lang='lat' dir='ltr'><strong>qua</strong></span> <span class='ocrx_word' id='word_1_218' title='bbox 631 1749 796 1796; x_wconf 88' lang='lat' dir='ltr'><strong>despiciat</strong></span> <span class='ocrx_word' id='word_1_219' title='bbox 809 1750 967 1786; x_wconf 79' lang='lat' dir='ltr'><strong>convivia</strong></span> <span class='ocrx_word' id='word_1_220' title='bbox 982 1749 1103 1792; x_wconf 83' lang='lat' dir='ltr'><strong>cauda,</strong></span> 
     </span>
    </p>
   </div>
  </div>
 </body>
</html>
