1406 2047
461 73 648 103 SATIRA
673 74 700 102 Ι.
1054 68 1074 102 7

85 152 151 185 pro
165 141 270 175 nihilo
279 137 435 183 pendas?
445 159 493 165 —
505 139 591 174 Ecce
606 139 692 174 inter
705 137 825 185 pocula
841 142 1013 184 quaerunt
1112 144 1145 172 30

90 188 290 224 Romulidae
303 188 422 229 saturi,
439 188 524 234 quid
535 188 590 223 dia
605 194 759 235 poemata
772 192 921 223 narrent.

89 239 168 273 Heic
176 237 512 282 aliquis,cuicircum
521 238 683 273 humeros
690 237 915 284 hyacinthina
925 235 1090 278 laenam,

90 286 310 321 rancidulum
324 286 492 332 quiddam
513 287 614 322 balba
629 287 670 322 de
684 297 765 322 nare
779 285 926 327 locutus,

86 334 277 382 Phyllidas,
292 336 516 384 Hypsipylas,
533 342 651 371 vatum
665 342 697 371 et
710 334 876 382 plorabile
889 335 919 370 si
937 334 1035 382 quid,

86 383 227 430 eliquat,
248 395 286 419 ac
300 390 414 420 tenero
428 385 627 432 supplantat
639 385 743 421 verba
758 384 883 431 palato.
1109 389 1142 417 35

87 433 275 468 Assensere
288 434 425 468 viri.—
439 436 539 470 Nunc
554 447 620 470 non
636 435 723 469 cinis
738 434 795 468 ille
808 438 926 479 poetae

86 481 191 517 felix‘?
217 494 286 517 non
301 482 408 518 levior
422 485 544 530 cippus
559 495 653 519 nunc
667 483 836 528 imprimit
849 480 1006 516 ossa?—

86 530 243 566 Laudant
256 533 430 566 convivae.
444 553 494 558 —
506 534 607 568 Nunc
621 544 689 567 non
703 543 722 567 e
735 531 900 566 manibus
914 529 994 571 illis,

85 591 178 615 nunc
193 591 259 615 non
274 591 292 614 e
304 578 439 615 tumulo
451 578 692 626 fortunataque
707 580 825 615 favilla

85 634 268 664 nascentur
281 628 469 664 violae‘2—
483 630 594 670 Rides,
615 629 672 670 ait,
693 636 724 663 et
738 633 838 663 nimis
853 631 950 663 uncis
1108 632 1141 660 40

84 681 226 714 nuribus
239 680 405 722 indulqes.
444 678 497 713 An
511 682 586 718 erit,
607 682 666 722 qui
678 680 762 713 velle
776 683 908 712 recuset

85 739 121 762 os
131 729 250 771 populi
264 731 434 767 meruisse,
452 733 493 768 et,
514 730 613 762 cedro
627 730 731 772 diqna
746 729 887 767 locutus,

87 778 238 820 linquere
250 787 310 810 nec
317 778 485 810 scombros
494 780 673 810 metuentia
682 788 773 810 carm
779 780 835 810 ina
844 786 904 810 nec
913 776 987 809 thus
995 772 1067 808 ,⁹—

86 824 254 870 Quisquis
269 835 316 864 es,
333 834 353 857 o
363 824 466 858 modo
480 835 585 869 quem
604 835 647 858 ex
661 824 804 858 adverso
818 823 930 857 dicere
942 822 1019 863 feci,

86 884 155 908 non
170 884 244 919 ego,
261 883 373 918 quum
388 873 512 915 scribo,
530 873 560 907 si
574 872 658 907 forte
671 872 758 919 quid
775 872 889 917 aptius
902 872 984 912 exit,
1002 891 1050 897 —
1107 876 1140 905 45

85 922 225 969 quando
244 922 327 957 haec
348 932 424 957 rara
438 923 512 957 avis
532 926 594 964 est,
610 942 660 947 —
678 922 709 956 si
723 921 811 968 quid
824 926 938 956 tamen
952 921 1067 967 aptius

616 971 698 1011 exit,

85 1019 218 1054 laudari
233 1024 384 1053 metuam
397 1032 419 1064 ε,
436 1030 548 1066 neque
561 1020 653 1054 enim
669 1018 758 1053 mihi
771 1028 892 1053 cornea
902 1017 988 1052 fibra
995 1023 1062 1053 est:

84 1069 145 1104 sed
161 1070 240 1104 recti
256 1068 430 1113 finemque
443 1074 708 1114 extremumque
721 1078 795 1103 esse
807 1078 928 1102 recuso

86 1119 178 1162 Euqe
191 1123 291 1152 tuum
305 1122 336 1151 et
349 1117 453 1150 Belle.
494 1118 582 1151 Nam
596 1118 690 1152 Belle
702 1117 766 1152 hoc
779 1122 899 1152 excute
911 1121 1040 1152 totum:

84 1166 170 1212 quid
183 1176 252 1200 non
267 1165 361 1199 intus
374 1165 500 1200 habet?
525 1167 602 1200 Non
615 1166 691 1201 heic
701 1171 751 1201 est
768 1165 848 1201 Ilias
861 1167 942 1202 Acci
1106 1173 1138 1200 50

82 1215 174 1250 ebria
190 1212 344 1248 veratro?
369 1225 439 1249 non
453 1214 484 1249 si
497 1226 567 1261 qua
580 1214 725 1262 elegidia
738 1215 836 1251 crudi

81 1263 255 1299 dictarunt
268 1263 450 1309 proceres?
475 1275 544 1299 non
559 1264 733 1311 quidquid
745 1265 896 1311 denique
909 1263 1004 1299 lectis

82 1313 246 1348 scribitur
261 1313 296 1347 in
311 1312 505 1348 citreis?—
518 1314 679 1350 Calidum
692 1314 759 1349 scis
772 1325 899 1361 ponere
912 1324 1055 1349 sumen:

82 1362 150 1397 scis
164 1362 322 1397 comitem
338 1360 558 1398 horridulum
572 1363 651 1398 trita
662 1363 789 1398 donare
802 1363 954 1398 lacerna:

81 1416 127 1454 et,
154 1412 342 1453 »Verum«,
365 1412 498 1459 inquis,
521 1423 640 1447 namo:
667 1423 790 1447 verum
803 1412 892 1447 mihi
905 1411 1009 1446 dicito
1022 1411 1065 1447 de
1106 1418 1138 1445 55

614 1471 700 1496 mes(
719 1481 768 1487 —

83 1509 152 1553 Qui
175 1509 277 1557 pote?
300 1530 351 1537 -
377 1510 440 1546 Vis
471 1509 609 1546 dicam?
651 1510 802 1558 Nugaris
815 1536 823 1552 ,
854 1520 966 1556 quum
985 1509 1062 1550 tibi,

615 1558 722 1600 calve,

82 1608 227 1655 pinguis
247 1607 466 1655 aqualiculus
479 1619 649 1655 propenso
661 1606 867 1654 sesquipede
880 1612 1003 1643 exstet.
1016 1626 1065 1633 —

84 1657 113 1691 Ο
126 1658 218 1698 Iane,
235 1668 254 1692 a
269 1663 363 1704 tergo
377 1669 483 1703 quem
496 1657 593 1692 nulla
606 1657 736 1692 ciconia
748 1657 869 1702 pinsit,

85 1715 148 1740 nec
159 1716 287 1741 manus
301 1705 473 1742 auriculas
487 1706 619 1741 imitata
632 1710 684 1742 est
695 1705 835 1741 mobilis
848 1704 956 1745 albas,
