1406 2047
322 75 364 108 24
695 82 738 112 A.
767 83 937 116 PERSII

250 151 300 178 150
322 145 505 188 nutrieras,
523 153 667 194 pergant
681 149 801 184 avidos
813 151 939 187 sudare
955 152 1131 190 deunoes‘?

321 194 468 242 Indulge
481 197 600 242 genio:
628 208 812 244 carpamus
826 200 959 236 dulcia:
989 210 1147 240 nostrum
1160 212 1221 250 est,

322 243 416 289 quod
430 244 541 280 vivis:
569 246 658 281 cinis
673 252 705 282 et
720 259 840 283 manes
853 255 886 285 et
899 250 1015 287 fabula
1029 253 1108 297 fies;

321 293 401 328 vive
415 305 548 329 memor
561 294 637 331 leti:
666 295 757 344 fugit
770 298 872 333 hora:
901 299 977 343 hoe,
995 303 1090 348 quod
1104 303 1238 351 loquor,
1256 306 1310 341 in-

782 347 826 381 de
842 353 905 382 est.
915 363 987 382 c(—

368 390 422 425 En
431 391 517 437 quid
524 392 599 438 agis
606 391 767 440 ?Duplici
777 395 812 430 in
822 395 1001 433 diversum
1010 400 1177 437 scindetis
1189 402 1305 439 hamo.

247 445 298 472 155
318 439 508 481 Hunccine,
525 452 568 475 an
583 441 866 490 huncsequeris‘?
878 446 1010 483 Subeas
1018 448 1308 498 alternusoportet

319 489 461 535 ancipiti
475 489 642 536 obsequio
657 492 836 538 dominos,
866 495 1019 532 alternus
1033 499 1182 535 oberres.

317 537 387 573 Nec
405 543 454 580 tu,
478 550 591 585 quum
606 540 781 578 obstiteris
795 544 915 586 semel,
939 547 1151 594 instantique
1169 551 1306 598 negaris

313 597 434 632 parere
450 589 612 635 imperio:
641 596 723 636 rupi
736 595 806 628 iam
818 597 977 630 vincula!
1002 596 1108 632 dicas.

316 636 405 671 Nam
423 643 456 672 et
469 637 593 674 luctata
607 641 702 675 canis
718 641 847 677 nodum
863 644 1008 690 abripit:
1037 651 1186 683 attamen
1201 648 1264 690 illi,

243 691 294 719 160
317 697 429 732 quum
444 687 545 735 sugit,
564 700 583 723 a
595 689 683 725 collo
695 691 843 727 trahitur
856 704 936 739 pars
951 694 1053 742 longa
1066 702 1215 732 catenae.
1230 718 1278 724 —

362 737 467 777 Dave,
487 741 563 778 cito,
580 741 641 773 hoc
656 743 775 775 credas
790 744 896 782 iubeo,
913 746 1012 786 finire
1025 747 1159 780 dolores

305 789 515 828 praeteritos
528 790 681 821 meditor.
715 789 873 823 Crudum
882 790 1140 826 Chaerestratus
1148 803 1302 841 unguem

311 832 482 867 abrodens
495 833 542 868 ait
559 834 655 869 haec.
707 836 760 870 An
777 840 880 872 siccis
892 840 1036 874 dedecus
1054 843 1178 877 obstem

312 881 491 926 coquatis?
516 894 564 917 an
580 895 651 917 rem
661 889 816 928 patriam
830 898 966 922 rumore
978 892 1120 925 sinistro

238 937 289 964 165
311 933 412 966 limen
425 934 471 966 ad
483 934 680 968 obscoenum
693 937 866 980 sranqam,
883 939 963 971 dum
980 937 1158 982 Chrysidis
1171 943 1258 976 udas

309 982 423 1015 ebt-lus
436 987 515 1016 ante
527 986 618 1027 sores
630 987 801 1019 exstincta
816 997 891 1019 cum
903 990 978 1030 sace
993 987 1118 1022 canto?

309 1029 444 1076 »Euge‚
465 1041 564 1076 puer,
584 1032 719 1078 sapias:
748 1033 803 1068 dis
817 1033 1072 1080 depellentibus
1085 1048 1211 1084 agnam

306 1084 485 1124 percute«
498 1100 548 1107 —
567 1081 634 1116 Sed
654 1093 772 1117 censen
782 1085 946 1127 plorabit,
967 1086 1071 1127 Dave,
1087 1086 1236 1124 relicta?
1249 1107 1297 1114 —

307 1128 503 1174 »Nugaris.·
532 1129 622 1165 solea
636 1142 724 1176 puer
737 1132 967 1179 obiurgabere
981 1135 1100 1177 rubra,

235 1182 286 1210 170
306 1188 350 1212 ne
370 1177 540 1223 trepidare
555 1178 654 1220 velis,
671 1185 775 1226 atque
788 1187 898 1215 arctos
913 1182 1031 1217 rodere
1048 1195 1170 1219 casses.

304 1227 407 1261 Nunc
420 1226 513 1262 ferus
521 1232 554 1262 et
566 1227 716 1263 violens:
739 1235 783 1273 at,
801 1230 831 1264 si
840 1237 946 1272 vocet,
960 1231 1055 1266 haud
1063 1243 1170 1274 mora,
1180 1232 1275 1269 dicas
1286 1249 1292 1269 :

308 1274 479 1318 Quidnam
493 1280 601 1322 iqitur
611 1278 766 1322 faciam?
780 1280 832 1315 Ne
845 1291 947 1321 nunc,
967 1293 1070 1325 quum
1079 1293 1254 1325 aecer-sar,
1265 1291 1295 1318 e!

838 1331 931 1363 ultro

303 1374 482 1416 supplicet,
501 1375 687 1409 accedam?
698 1395 749 1402 —
761 1376 797 1411 Si
813 1382 903 1411 totus
916 1382 949 1412 et
962 1378 1093 1426 integer
1111 1379 1207 1416 illinc

303 1422 441 1464 exieris,
450 1434 544 1458 nunc
552 1434 656 1465 nunc,
667 1424 734 1465 hic,
745 1424 813 1466 hic,
824 1437 929 1471 quem
937 1429 1150 1473 quaerimus,
1162 1430 1287 1474 hicest;

234 1477 285 1505 ¹.·5
308 1482 378 1506 non
394 1472 430 1506 in
448 1471 589 1514 festuca,
609 1472 705 1508 lictor
718 1485 825 1519 quam
842 1475 941 1510 iactat
955 1476 1104 1522 ineptus.

352 1521 410 1555 Ius
425 1521 528 1556 habet
540 1521 597 1556 ille
611 1523 666 1557 sui
679 1522 794 1569 palpo,
811 1535 917 1570 quem
931 1525 1026 1560 ducit
1040 1527 1192 1563 hiantem

302 1574 425 1604 cretata
441 1570 584 1605 ambitio
591 1570 759 1618 ?»Vigila‚
776 1578 808 1607 et
820 1574 908 1608 cicer
920 1574 1036 1622 ingere
1049 1575 1143 1624 large

302 1619 428 1654 rixanti
447 1619 587 1665 populo,
606 1626 720 1656 nostra
736 1627 775 1656 ut
788 1622 934 1658 Floralia
949 1624 1083 1670 possint

303 1669 410 1715 aprici
438 1669 642 1706 meminisse
655 1682 767 1707 senes.
814 1671 907 1715 Quid
931 1672 1155 1719 pulchrius?«
1171 1695 1220 1702 —
1247 1676 1291 1711 At

836 1732 949 1770 quum
