1406 2047
429 92 615 121 SATIRA
646 92 674 120 Ι.

108 160 178 195 Cur
196 163 310 194 tamen
324 156 389 192 hoc
403 158 517 204 potius
532 157 635 193 libeat
649 157 826 192 decurrere
838 167 971 203 campo,

1001 89 1040 121 33

58 220 119 255 per
140 219 245 255 quem
264 218 414 254 magnus
437 219 544 253 equos
559 208 741 242 Auruncae
755 206 848 241 flexit
863 206 1040 248 alumnus,

57 259 88 292 si
104 261 200 292 vacat
211 261 243 291 et
256 256 383 302 placidi
397 257 561 291 rationem
577 256 768 298 admittitis,
786 256 900 291 edam.

57 307 174 349 Quum
191 311 283 340 tener
296 317 439 341 uxorem
456 306 558 341 ducat
572 305 689 352 spado,
706 305 837 341 Maevia
853 306 1006 341 Tuscum

58 358 140 403 ligat
154 366 277 401 aprum
293 360 324 390 et
339 355 431 390 nuda
446 360 556 390 teneat
570 354 739 391 venabula
753 366 924 399 mamma;

56 405 217 451 patricios
232 416 352 439 omncs
366 405 492 450 opibus
507 417 618 451 quum
634 409 793 450 provocet
806 416 912 445 unus,

57 465 128 500 quo
144 454 305 488 tondente
322 455 440 500 gravis
454 455 573 490 iuveni
587 455 673 489 mihi
692 454 798 489 barba
813 453 972 488 sonabat:

58 514 169 548 quum
184 514 264 548 pars
278 504 427 538 Niliacae
440 503 563 549 plebis,
580 514 692 549 quum
707 514 812 538 verna
828 503 958 549 Canopi

57 552 252 598 Crispinus,
271 553 393 600 Tyrias
407 553 553 588 humero
566 557 744 587 revocante
758 551 922 593 lacernas,

56 601 198 636 ventilet
214 602 385 637 aestivum
400 602 517 649 digitis
532 601 739 637 sudantibus
754 613 893 642 aurum,

59 661 120 685 nec
134 650 275 686 sufferre
288 656 391 698 queat
408 652 548 686 maioris
562 651 713 697 pondera
730 662 905 698 gemmae:

58 699 198 735 difficile
210 705 272 742 est,
289 701 429 736 satiram
443 713 512 736 non
524 701 685 736 scribere.
714 701 802 735 Nam
812 701 892 747 quis
904 700 1045 747 iniquae

58 754 128 782 tam
144 750 276 793 patiens
295 751 405 791 urbis,
421 756 491 785 tam
508 750 649 791 ferreus,
665 754 704 784 ut
716 755 827 785 teneat
841 762 888 791 se,

60 797 227 831 causidici
242 809 329 831 nova
348 810 459 842 quum
476 800 590 833 veniat
604 799 719 834 lectica
736 799 909 832 Mathonis

59 845 160 891 plena
178 844 275 891 ipso‘?
300 851 376 890 post
390 846 483 880 hunc
498 846 615 891 magni
631 846 760 881 delator
772 847 873 882 amici

60 901 92 929 et
106 896 172 929 cito
186 899 349 939 rapturus
363 893 405 928 de
419 894 596 928 nobilitate
609 904 744 929 comesa

60 943 155 991 quod
180 948 346 990 superest,
376 954 482 990 quem
500 944 612 979 Massa
638 944 746 986 timet,
774 954 878 990 quem
899 955 1043 980 munere

592 992 709 1039 palpat

60 1042 170 1078 Carus
183 1047 214 1078 et
228 1054 246 1077 a
261 1042 394 1089 trepido
408 1043 574 1091 Thymele
587 1043 764 1077 submissa
774 1041 922 1077 Latino?

61 1103 172 1138 quum
188 1097 219 1127 te
233 1093 473 1134 submoveant,
491 1093 552 1138 qui
568 1097 768 1127 testamenta
783 1096 958 1127 merentur

60 1142 230 1183 noctibus,
248 1142 282 1176 iu
296 1141 429 1176 coelum
448 1153 536 1187 quos
555 1142 668 1176 evehit
681 1142 810 1186 optima
824 1141 956 1176 summi

59 1201 153 1225 nunc
168 1191 221 1224 via
233 1199 427 1234 processus,
449 1189 584 1224 vetulae
597 1190 709 1225 vesica
724 1189 865 1226 beatae?

58 1238 236 1273 Unciolam
251 1238 450 1273 Proculeius
466 1239 580 1281 hahet,
596 1239 658 1274 sed
672 1239 764 1274 Gillo
778 1239 959 1275 deuncem.

57 1288 174 1321 Partes
189 1287 341 1333 quisque
354 1299 435 1322 suas
451 1288 493 1323 ad
509 1300 709 1324 mensuram
724 1290 882 1336 inguinis
891 1290 990 1324 heres

57 1336 201 1382 accipiat
213 1347 307 1377 sane,
326 1338 517 1372 mercedem
531 1339 726 1385 sanguinis,
743 1344 776 1372 et
789 1339 839 1373 sic

56 1385 193 1431 palleat,
212 1390 251 1420 ut
265 1385 369 1419 nudis
383 1387 509 1432 pressit
521 1388 583 1432 qui
597 1386 750 1421 calcibus
765 1397 928 1433 anguem,

57 1439 115 1469 aut
129 1434 400 1481 Lugdunensem
418 1435 531 1469 rhetor
547 1435 704 1469 dicturus
719 1435 762 1469 ad
776 1447 881 1470 aram.

106 1482 199 1526 Quid
214 1482 369 1525 referam,
386 1489 515 1529 quanta
529 1484 660 1517 siccum
675 1484 896 1519 iecur-'ardeat
910 1485 972 1524 ira,

57 1544 170 1579 quum
188 1532 358 1580 populum
381 1533 547 1581 gregibus
567 1533 733 1568 comitum
749 1534 875 1579 premit
898 1534 1043 1580 hicspo—

55 1629 182 1677 pupilli
196 1630 407 1677 prostantis?
431 1636 463 1667 et
476 1632 534 1667 hic
547 1581 731 1667 daltsslrtigtus
749 1631 846 1667 inani

56 1680 184 1716 iudicio
199 1681 297 1727 (quid
310 1683 403 1717 enim
417 1681 524 1717 salvis
539 1681 680 1716 infamia
694 1680 885 1729 nummis?)

56 1728 157 1764 exsul
171 1730 215 1765 ab
230 1736 348 1769 octava
360 1732 491 1769 Marius
505 1731 594 1767 bibit
606 1735 638 1767 et
650 1730 776 1767 fruitur
789 1731 845 1767 dis

104 1789 257 1826 levanni..

871 1791 896 1827 C

1082 213 1115 241 20

1083 705 1116 733 30

1082 1001 1114 1028 35

1082 1244 1115 1273 40

1081 1490 1114 1519 45
