1406 2047
117 332 167 373 A.
240 330 604 372 PERSII
678 329 1076 373 FLACCI

311 440 375 468 AD
404 440 614 469 SATIRAS
636 440 900 468 PROLOGUS.

263 526 343 568 Nec
356 532 447 568 fonte
465 532 560 567 labra
578 531 693 578 prolui
712 531 895 573 caballino,

214 594 276 618 nec
291 583 326 617 in
340 582 471 628 bicipiti
487 582 678 617 somniasse
694 582 844 616 Parnaso

213 631 369 672 memini,
386 637 424 666 ut
438 637 574 677 repente
586 632 635 665 sic
649 636 744 676 poeta
759 630 950 676 prodirem:

212 680 499 726 Heliconidasque
512 693 547 726 p
538 680 748 726 illidamqne
761 681 905 714 Piienen

213 730 283 764 illis
301 729 472 776 relinquo,
494 741 646 784 quor-um
659 730 828 775 imagines
844 729 1003 764 lambunt
1159 735 1172 760 5

213 778 358 812 hedeiae
369 790 550 823 sequaces.
582 779 654 822 ipse
671 779 827 824 semipag
829 790 918 812 inus

215 826 257 861 ad
272 837 366 860 sacra
380 831 499 859 vatum
513 837 649 859 carmen
670 826 771 859 assero
790 831 957 859 nosti-um.

214 874 300 917 Quis
314 874 489 919 expedivit
503 874 646 919 psittaco
660 885 765 908 suum
783 877 904 918 Χαῖρε,

214 924 379 969 picasque
391 923 507 957 docuit
523 929 637 957 nostra
653 923 755 957 verba
769 919 909 957 conaii?

212 973 374 1019 Magister
389 973 470 1006 artis
485 973 675 1018 ingenique
690 971 842 1017 largitor,
1139 978 1170 1004 10

211 1027 341 1062 venter,
360 1027 499 1068 negatas
513 1020 633 1055 artifex
649 1021 747 1065 sequi
762 1031 873 1055 voces.

214 1070 315 1113 Quod
329 1071 358 1104 si
372 1070 480 1105 dolosi
496 1081 574 1115 spes
592 1069 763 1103 resu1serit
776 1069 927 1110 nummi,

214 1130 335 1154 corvos
348 1124 463 1163 poetas
478 1124 510 1152 et
526 1118 673 1162 poetrias
688 1119 782 1162 picas

212 1172 347 1202 cantare
361 1166 480 1202 credas
493 1167 698 1214 Pegaseium
715 1172 843 1202 nectar.

200 1316 596 1354 SATIRA
665 1318 1013 1354 PRIMA.

114 1491 170 1516 AR
180 1491 212 1516 G.
231 1491 273 1514 De
287 1490 400 1522 satyrica
414 1490 498 1522 poesi,
519 1494 544 1514 et
555 1490 586 1514 de
597 1488 670 1521 poesi
694 1488 724 1513 in
737 1489 901 1520 universum,
922 1490 1107 1524 scribendique

153 1533 241 1558 studio
254 1534 297 1557 vel
310 1541 393 1565 pravo
403 1533 445 1556 vel
459 1536 540 1560 recto,
552 1531 668 1556 Neronis
682 1531 814 1563 imprimis
823 1532 941 1557 vanitate
955 1533 1050 1557 derisa.

165 1580 204 1622 Ο
224 1598 326 1623 curas
343 1587 546 1623 hominum!
575 1599 596 1622 o
609 1592 780 1663 quanfum
793 1593 844 1623 est
858 1589 893 1624 in
909 1589 1012 1624 rebus
1031 1589 1106 1625 ina-

655 1648 717 1672 ne.
733 1657 782 1664 -—

118 1684 203 1727 Quis
225 1687 308 1730 leget
321 1686 430 1722 haec?
443 1706 492 1713 —
511 1687 584 1722 Min
598 1691 634 1722 tu
649 1686 740 1770 ilstpd
757 1685 832 1772 3ίίεέ
858 1688 966 1761 Νεξηο
980 1688 1102 1722 hercu—

672 1747 707 1770 e.
724 1756 773 1763 —
821 1748 905 1771 emo.
931 1757 980 1762 —
