1406 2047
256 643 289 671 3⁰

256 889 288 916 35

264 1626 295 1652 50

331 80 371 112 48
698 83 741 112 Α.
768 83 937 113 PERSII

328 149 414 183 dum
431 159 474 182 ne
486 146 637 182 deterius
650 149 761 193 sapiat
774 150 944 194 pannucia
958 150 1093 191 Baucis,

328 208 440 243 quum
457 196 545 232 bene
557 197 723 232 discincto
737 199 924 233 cantaverit
934 200 1044 234 ocima
1058 210 1194 235 vernae.
1234 221 1283 227 —

378 246 420 281 Ut
438 257 540 281 nemo
555 247 590 282 in
605 258 679 282 sese
696 252 802 282 tentat
815 247 1029 289 descendere,
1048 250 1167 284 nemo!

328 295 388 330 sed
402 296 615 341 praecedenti
629 303 800 342 spectatur
815 298 961 332 mantica
976 304 1082 344 tergo.

327 344 535 386 Quaesieris,
552 347 697 380 »Nostin
713 346 844 380 Vectidi
860 347 1020 391 praedia?
1033 362 1048 380 «
1062 367 1110 372 —-
1127 346 1311 381 Cuius?—

327 393 454 427 »Dives
485 399 557 428 arat
577 394 747 437 Curibus,
781 401 952 441 quantum
977 407 1045 430 non
1064 395 1193 431 milvus
1213 397 1311 431 ober-

863 449 925 478 ret.
935 458 950 477 «
964 464 1013 470 —

331 491 430 542 IItJnc
444 494 509 530 ais,
527 492 626 530 hunc,
643 494 696 526 dis
712 496 813 527 frons
826 497 988 537 qenioque
1005 496 1156 533 sinistro,

330 542 400 584 qui,
417 542 618 584 quandoque
633 543 746 584 iugum
758 548 901 584 perlusa
919 545 964 576 ad
983 545 1128 585 compita
1140 544 1224 587 siyit,

327 591 474 623 seriolae
488 592 609 622 veteris
626 596 772 625 metuens
786 593 950 625 deradere
967 593 1094 632 limum.

327 641 477 681 inqemit,
498 638 570 671 Hoc
591 640 670 673 bone
685 641 748 674 sit!
775 644 964 674 tunicatum
984 652 1057 674 cum
1071 642 1142 674 sale
1158 644 1313 676 mordens

327 698 428 730 caepe
441 714 449 726 ,
466 692 507 726 et,
524 691 697 731 sarratam
708 692 826 731 puerc's
838 691 1078 732 plaudentibus
1093 692 1206 729 ollam,

325 747 514 779 pannosam
529 740 654 779 faecem
666 741 840 771 11101·ien!t's
853 741 962 771 sorbet
977 742 1075 773 aceti.
1091 757 1140 764 —-
1153 737 1171 771 ?
1184 739 1236 764 ·—‘

327 784 372 818 At
385 784 414 816 si
430 789 555 817 unctus
569 794 694 824 cesses,
715 791 747 817 et
767 785 851 830 figas
866 786 900 817 in
914 791 991 817 cute
1009 783 1129 825 solem,

327 837 378 867 est
392 843 497 877 prope
510 836 542 866 te
556 831 706 878 ignotus,
719 832 836 867 cubito
850 833 910 878 qui
928 838 1054 879 tangat,
1072 838 1104 868 et
1116 843 1192 868 acre

327 881 473 927 despuat
487 881 524 915 in
538 892 663 920 mores,
681 892 876 927 penemque
891 893 1083 927 arcanaque
1098 881 1209 917 lumbi

328 935 542 971 runcantem,
560 930 689 976 populo
704 937 893 966 marcentes
908 931 1057 976 pandere
1074 931 1216 966 vulvas:

331 981 379 1015 Τιι
394 991 497 1024 quum
511 982 668 1015 maxillis
683 982 882 1014 balanatum
901 992 1050 1023 yausape
1060 986 1188 1023 pectas,

327 1031 524 1073 inyuinibus
537 1041 643 1073 quare
656 1032 813 1063 detonsus
826 1031 986 1073 ,qurqulio
998 1028 1138 1064 exstat?

332 1078 488 1122 Quinque
498 1080 723 1122 palaestritae
737 1081 814 1113 licet
832 1081 914 1113 lmec
926 1080 1107 1122 plumaria
1118 1080 1256 1120 vellant,

329 1129 506 1170 elixasque
521 1134 616 1162 nates
630 1130 830 1171 labefactent
844 1131 974 1171 forcipe
986 1131 1134 1167 adunca,

328 1188 395 1211 non.
411 1182 522 1210 tamen
536 1179 602 1210 ista
616 1178 699 1220 filix
712 1178 783 1209 ullo
797 1179 999 1210 mansuescit
1025 1182 1159 1210 aratro.
1175 1195 1224 1202 ——

378 1224 576 1266 Caedimus,
596 1225 701 1270 inque
715 1225 823 1259 vicem
842 1224 1045 1269 praebemus
1057 1234 1158 1258 crura
1166 1225 1312 1271 sagittis.

330 1274 467 1308 Vivitur
481 1274 545 1308 hoc
560 1279 673 1319 pac-to:
703 1274 752 1308 sic
768 1274 942 1308 novimus.
958 1293 1007 1299 —
1020 1273 1079 1307 Ilia
1098 1273 1218 1307 subter

329 1334 468 1358 caecum
483 1323 614 1357 vulnus
629 1324 751 1365 habes;
781 1323 840 1357 sed
857 1323 923 1358 lato
937 1322 1070 1358 balteus
1085 1333 1168 1357 auro

286 1392 292 1405 ›
331 1372 486 1418 protegit.
501 1391 550 1397 —
564 1372 607 1406 Ut
621 1373 744 1412 mavis,
762 1372 804 1406 da
820 1373 937 1412 verba,
954 1378 985 1406 et
998 1371 1114 1417 decipe
1128 1382 1264 1413 nervos,

331 1422 358 1456 si
376 1427 484 1467 potes.
499 1441 548 1447 —-
561 1421 743 1465 Egra-qiam
757 1433 857 1465 quum
873 1433 923 1456 me
941 1425 1068 1457 vicinia
1081 1424 1184 1460 dicat,

333 1483 401 1505 non
416 1469 578 1505 credam?
591 1491 640 1497 —
653 1471 735 1506 Viso
749 1471 778 1505 si
794 1470 911 1516 palleS,
929 1470 1095 1516 improbe,
1114 1481 1276 1514 mimm03

332 1520 362 1555 si
377 1519 471 1559 sacis,
489 1520 524 1554 in
538 1531 662 1565 penem
676 1520 850 1566 quidquid
867 1520 926 1555 tibi
941 1519 1034 1555 venit
1050 1531 1228 1562 amat-urm

333 1570 362 1604 si
377 1568 490 1616 puteal
507 1568 614 1604 muita
629 1575 750 1604 cautus
765 1570 876 1605 vibice
889 1568 1056 1616 flagellas:

334 1619 571 1665 nequidquam
588 1619 716 1664 populo
731 1618 868 1654 bibulas
883 1619 1063 1654 donaveris
1077 1629 1190 1654 aureS.

336 1669 481 1714 Respue,
502 1668 596 1714 quod
611 1680 678 1704 non
694 1681 747 1703 es:
778 1668 873 1703 tollat
897 1680 959 1704 sua
975 1679 1119 1703 munera
1131 1667 1245 1702 cerdo.

337 1718 464 1754 Tecum
480 1717 608 1759 habita,
625 1723 657 1753 et
670 1719 776 1761 noris,
794 1729 901 1765 quam
915 1718 960 1753 sit
974 1718 1139 1753 tibicurta
1147 1716 1316 1764 supellex
