<?xml version="1.0" encoding="UTF-8"?>
<!DOCTYPE html PUBLIC "-//W3C//DTD XHTML 1.0 Transitional//EN"
    "http://www.w3.org/TR/xhtml1/DTD/xhtml1-transitional.dtd">
<html xmlns="http://www.w3.org/1999/xhtml" xml:lang="en" lang="en">
 <head>
  <title>
</title>
<meta http-equiv="Content-Type" content="text/html;charset=utf-8" />
  <meta name='ocr-system' content='tesseract 3.04.00' />
  <meta name='ocr-capabilities' content='ocr_page ocr_carea ocr_par ocr_line ocrx_word'/>
</head>
<body>
  <div class='ocr_page' id='page_1' title='image "apersiiflaccietd00persuoft_0160.png"; bbox 0 0 1406 2047; ppageno 0'>
   <div class='ocr_carea' id='block_1_1' title="bbox 14 746 30 1305">
    <p class='ocr_par' dir='ltr' id='par_1_1' title="bbox 14 746 31 1359">
     <span class='ocr_line' id='line_1_1' title="bbox 14 746 27 1019; baseline 0 0"><span class='ocrx_word' id='word_1_1' title='bbox 14 746 27 1019; x_wconf 72' lang='grc' dir='ltr'><em>Ξ</em></span> 
     </span>
     <span class='ocr_line' id='line_1_2' title="bbox 16 1041 30 1305; baseline 0 -208"><span class='ocrx_word' id='word_1_2' title='bbox 16 1041 30 1305; x_wconf 49' lang='grc' dir='ltr'>ἰ</span> 
     </span>
    </p>
   </div>
   <div class='ocr_carea' id='block_1_2' title="bbox 0 0 34 742">
    <p class='ocr_par' dir='ltr' id='par_1_2' title="bbox 0 0 34 742">
     <span class='ocr_line' id='line_1_3' title="bbox 0 0 34 742; baseline 0 1305"><span class='ocrx_word' id='word_1_3' title='bbox 0 0 34 742; x_wconf 95' lang='lat' dir='ltr'> </span> 
     </span>
    </p>
   </div>
   <div class='ocr_carea' id='block_1_3' title="bbox 330 300 363 328">
    <p class='ocr_par' dir='ltr' id='par_1_3' title="bbox 330 300 363 328">
     <span class='ocr_line' id='line_1_4' title="bbox 330 300 363 328; baseline 0 0"><span class='ocrx_word' id='word_1_4' title='bbox 330 300 363 328; x_wconf 85' lang='grc'>55</span> 
     </span>
    </p>
   </div>
   <div class='ocr_carea' id='block_1_4' title="bbox 331 548 364 575">
    <p class='ocr_par' dir='ltr' id='par_1_4' title="bbox 331 548 364 575">
     <span class='ocr_line' id='line_1_5' title="bbox 331 548 364 575; baseline 0 0"><span class='ocrx_word' id='word_1_5' title='bbox 331 548 364 575; x_wconf 86' lang='grc'>60</span> 
     </span>
    </p>
   </div>
   <div class='ocr_carea' id='block_1_5' title="bbox 332 795 364 822">
    <p class='ocr_par' dir='ltr' id='par_1_5' title="bbox 332 795 364 822">
     <span class='ocr_line' id='line_1_6' title="bbox 332 795 364 822; baseline 0 0"><span class='ocrx_word' id='word_1_6' title='bbox 332 795 364 822; x_wconf 79' lang='grc'>65</span> 
     </span>
    </p>
   </div>
   <div class='ocr_carea' id='block_1_6' title="bbox 334 1340 367 1368">
    <p class='ocr_par' dir='ltr' id='par_1_6' title="bbox 334 1340 367 1368">
     <span class='ocr_line' id='line_1_7' title="bbox 334 1340 367 1368; baseline 0.061 -2"><span class='ocrx_word' id='word_1_7' title='bbox 334 1340 367 1368; x_wconf 79' lang='grc'>75</span> 
     </span>
    </p>
   </div>
   <div class='ocr_carea' id='block_1_7' title="bbox 335 1585 369 1614">
    <p class='ocr_par' dir='ltr' id='par_1_7' title="bbox 335 1585 369 1614">
     <span class='ocr_line' id='line_1_8' title="bbox 335 1585 369 1614; baseline 0 0"><span class='ocrx_word' id='word_1_8' title='bbox 335 1585 369 1614; x_wconf 86' lang='grc'>80</span> 
     </span>
    </p>
   </div>
   <div class='ocr_carea' id='block_1_8' title="bbox 407 73 1038 109">
    <p class='ocr_par' dir='ltr' id='par_1_8' title="bbox 407 73 1038 109">
     <span class='ocr_line' id='line_1_9' title="bbox 407 73 1038 109; baseline -0.013 0"><span class='ocrx_word' id='word_1_9' title='bbox 407 75 469 109; x_wconf 73' lang='grc'>138</span> <span class='ocrx_word' id='word_1_10' title='bbox 757 73 1038 104; x_wconf 82' lang='lat' dir='ltr'>IUVENALIS</span> 
     </span>
    </p>
   </div>
   <div class='ocr_carea' id='block_1_9' title="bbox 401 139 1400 1776">
    <p class='ocr_par' dir='ltr' id='par_1_9' title="bbox 401 139 1296 187">
     <span class='ocr_line' id='line_1_10' title="bbox 401 139 1296 187; baseline -0.006 -7"><span class='ocrx_word' id='word_1_11' title='bbox 401 155 464 180; x_wconf 88' lang='lat' dir='ltr'>nec</span> <span class='ocrx_word' id='word_1_12' title='bbox 478 142 580 179; x_wconf 79' lang='lat' dir='ltr'>vultu</span> <span class='ocrx_word' id='word_1_13' title='bbox 597 141 740 183; x_wconf 76' lang='lat' dir='ltr'>dederit,</span> <span class='ocrx_word' id='word_1_14' title='bbox 758 152 897 176; x_wconf 90' lang='lat' dir='ltr'>morum</span> <span class='ocrx_word' id='word_1_15' title='bbox 911 151 1052 187; x_wconf 87' lang='lat' dir='ltr'>quoque</span> <span class='ocrx_word' id='word_1_16' title='bbox 1065 139 1173 182; x_wconf 84' lang='lat' dir='ltr'>filius,</span> <span class='ocrx_word' id='word_1_17' title='bbox 1189 144 1221 176; x_wconf 87' lang='lat' dir='ltr'>et</span> <span class='ocrx_word' id='word_1_18' title='bbox 1234 140 1296 187; x_wconf 85' lang='lat' dir='ltr'>qui</span> 
     </span>
    </p>

    <p class='ocr_par' dir='ltr' id='par_1_10' title="bbox 401 191 1127 238">
     <span class='ocr_line' id='line_1_11' title="bbox 401 191 1127 238; baseline -0.007 -8"><span class='ocrx_word' id='word_1_19' title='bbox 401 194 518 230; x_wconf 88' lang='lat' dir='ltr'>omnia</span> <span class='ocrx_word' id='word_1_20' title='bbox 533 193 683 229; x_wconf 84' lang='lat' dir='ltr'>deterius</span> <span class='ocrx_word' id='word_1_21' title='bbox 699 199 756 226; x_wconf 88' lang='lat' dir='ltr'>tua</span> <span class='ocrx_word' id='word_1_22' title='bbox 771 202 831 238; x_wconf 89' lang='lat' dir='ltr'>per</span> <span class='ocrx_word' id='word_1_23' title='bbox 844 191 990 237; x_wconf 78' lang='lat' dir='ltr'>vestigia</span> <span class='ocrx_word' id='word_1_24' title='bbox 1004 195 1127 237; x_wconf 85' lang='lat' dir='ltr'>peccet,</span> 
     </span>
    </p>

    <p class='ocr_par' dir='ltr' id='par_1_11' title="bbox 401 240 1145 290">
     <span class='ocr_line' id='line_1_12' title="bbox 401 240 1145 290; baseline -0.005 -11"><span class='ocrx_word' id='word_1_25' title='bbox 401 244 565 290; x_wconf 82' lang='lat' dir='ltr'>corripies</span> <span class='ocrx_word' id='word_1_26' title='bbox 580 243 763 282; x_wconf 88' lang='lat' dir='ltr'>nimirum,</span> <span class='ocrx_word' id='word_1_27' title='bbox 780 246 813 276; x_wconf 89' lang='lat' dir='ltr'>et</span> <span class='ocrx_word' id='word_1_28' title='bbox 825 240 1010 287; x_wconf 82' lang='lat' dir='ltr'>castigabis</span> <span class='ocrx_word' id='word_1_29' title='bbox 1025 240 1145 275; x_wconf 86' lang='lat' dir='ltr'>aoerbo</span> 
     </span>
    </p>

    <p class='ocr_par' dir='ltr' id='par_1_12' title="bbox 401 288 1298 338">
     <span class='ocr_line' id='line_1_13' title="bbox 401 288 1298 338; baseline -0.007 -10"><span class='ocrx_word' id='word_1_30' title='bbox 401 293 562 333; x_wconf 78' lang='lat' dir='ltr'>clamore,</span> <span class='ocrx_word' id='word_1_31' title='bbox 580 297 639 327; x_wconf 87' lang='lat' dir='ltr'>aut</span> <span class='ocrx_word' id='word_1_32' title='bbox 652 297 730 338; x_wconf 84' lang='lat' dir='ltr'>post</span> <span class='ocrx_word' id='word_1_33' title='bbox 743 291 827 326; x_wconf 89' lang='lat' dir='ltr'>haec</span> <span class='ocrx_word' id='word_1_34' title='bbox 840 290 977 325; x_wconf 80' lang='lat' dir='ltr'>tabulas</span> <span class='ocrx_word' id='word_1_35' title='bbox 990 295 1123 325; x_wconf 87' lang='lat' dir='ltr'>mutare</span> <span class='ocrx_word' id='word_1_36' title='bbox 1136 288 1298 336; x_wconf 70' lang='lat' dir='ltr'>parabis?</span> 
     </span>
    </p>

    <p class='ocr_par' dir='ltr' id='par_1_13' title="bbox 403 340 1194 387">
     <span class='ocr_line' id='line_1_14' title="bbox 403 340 1194 387; baseline -0.004 -10"><span class='ocrx_word' id='word_1_37' title='bbox 403 342 502 378; x_wconf 90' lang='lat' dir='ltr'>Unde</span> <span class='ocrx_word' id='word_1_38' title='bbox 518 342 580 377; x_wconf 88' lang='lat' dir='ltr'>tibi</span> <span class='ocrx_word' id='word_1_39' title='bbox 594 341 742 377; x_wconf 84' lang='lat' dir='ltr'>frontem</span> <span class='ocrx_word' id='word_1_40' title='bbox 756 340 1019 387; x_wconf 81' lang='lat' dir='ltr'><strong>libertatemque</strong></span> <span class='ocrx_word' id='word_1_41' title='bbox 1031 340 1194 386; x_wconf 77' lang='lat' dir='ltr'>parentis.</span> 
     </span>
    </p>

    <p class='ocr_par' dir='ltr' id='par_1_14' title="bbox 403 388 1292 438">
     <span class='ocr_line' id='line_1_15' title="bbox 403 388 1292 438; baseline -0.003 -11"><span class='ocrx_word' id='word_1_42' title='bbox 403 403 516 438; x_wconf 89' lang='lat' dir='ltr'>quum</span> <span class='ocrx_word' id='word_1_43' title='bbox 531 391 636 427; x_wconf 79' lang='lat' dir='ltr'>facias</span> <span class='ocrx_word' id='word_1_44' title='bbox 649 392 765 438; x_wconf 87' lang='lat' dir='ltr'>peiora</span> <span class='ocrx_word' id='word_1_45' title='bbox 780 402 897 431; x_wconf 80' lang='lat' dir='ltr'>senex.</span> <span class='ocrx_word' id='word_1_46' title='bbox 915 400 1137 436; x_wconf 85' lang='lat' dir='ltr'>vacuumque</span> <span class='ocrx_word' id='word_1_47' title='bbox 1152 388 1292 424; x_wconf 82' lang='lat' dir='ltr'>cerebro</span> 
     </span>
    </p>

    <p class='ocr_par' dir='ltr' id='par_1_15' title="bbox 405 435 1354 538">
     <span class='ocr_line' id='line_1_16' title="bbox 405 435 1354 488; baseline -0.004 -12"><span class='ocrx_word' id='word_1_48' title='bbox 405 443 475 478; x_wconf 87' lang='lat' dir='ltr'>iam</span> <span class='ocrx_word' id='word_1_49' title='bbox 488 441 624 488; x_wconf 83' lang='lat' dir='ltr'>pridem</span> <span class='ocrx_word' id='word_1_50' title='bbox 642 447 746 488; x_wconf 90' lang='lat' dir='ltr'>caput</span> <span class='ocrx_word' id='word_1_51' title='bbox 759 441 824 477; x_wconf 90' lang='lat' dir='ltr'>hoc</span> <span class='ocrx_word' id='word_1_52' title='bbox 838 446 980 477; x_wconf 78' lang='lat' dir='ltr'>ventosa</span> <span class='ocrx_word' id='word_1_53' title='bbox 994 439 1171 476; x_wconf 73' lang='lat' dir='ltr'>cucurbita</span> <span class='ocrx_word' id='word_1_54' title='bbox 1185 435 1354 485; x_wconf 67' lang='lat' dir='ltr'>quaerat?</span> 
     </span>
     <span class='ocr_line' id='line_1_17' title="bbox 452 491 1217 538; baseline -0.004 -12"><span class='ocrx_word' id='word_1_55' title='bbox 452 492 595 538; x_wconf 81' lang='lat' dir='ltr'>Hospite</span> <span class='ocrx_word' id='word_1_56' title='bbox 609 497 768 534; x_wconf 82' lang='lat' dir='ltr'>venturo,</span> <span class='ocrx_word' id='word_1_57' title='bbox 786 491 934 527; x_wconf 79' lang='lat' dir='ltr'>cessabit</span> <span class='ocrx_word' id='word_1_58' title='bbox 946 501 1049 526; x_wconf 89' lang='lat' dir='ltr'>nemo</span> <span class='ocrx_word' id='word_1_59' title='bbox 1064 495 1217 525; x_wconf 87' lang='lat' dir='ltr'>tuorum.</span> 
     </span>
    </p>

    <p class='ocr_par' dir='ltr' id='par_1_16' title="bbox 404 539 1285 587">
     <span class='ocr_line' id='line_1_18' title="bbox 404 539 1285 587; baseline -0.005 -10"><span class='ocrx_word' id='word_1_60' title='bbox 404 541 506 577; x_wconf 86' lang='lat' dir='ltr'>Verre</span> <span class='ocrx_word' id='word_1_61' title='bbox 520 542 775 587; x_wconf 81' lang='lat' dir='ltr'>pavimentum,</span> <span class='ocrx_word' id='word_1_62' title='bbox 794 540 922 576; x_wconf 89' lang='lat' dir='ltr'>nitidas</span> <span class='ocrx_word' id='word_1_63' title='bbox 935 540 1078 576; x_wconf 80' lang='lat' dir='ltr'>ostende</span> <span class='ocrx_word' id='word_1_64' title='bbox 1089 539 1285 578; x_wconf 87' lang='lat' dir='ltr'>columnas,</span> 
     </span>
    </p>

    <p class='ocr_par' dir='ltr' id='par_1_17' title="bbox 403 587 1108 629">
     <span class='ocr_line' id='line_1_19' title="bbox 403 587 1108 629; baseline -0.006 -3"><span class='ocrx_word' id='word_1_65' title='bbox 403 590 498 626; x_wconf 86' lang='lat' dir='ltr'>arida</span> <span class='ocrx_word' id='word_1_66' title='bbox 515 601 597 625; x_wconf 90' lang='lat' dir='ltr'>cum</span> <span class='ocrx_word' id='word_1_67' title='bbox 613 595 680 625; x_wconf 86' lang='lat' dir='ltr'>tota</span> <span class='ocrx_word' id='word_1_68' title='bbox 694 589 879 624; x_wconf 74' lang='lat' dir='ltr'>descendat</span> <span class='ocrx_word' id='word_1_69' title='bbox 893 600 1015 624; x_wconf 88' lang='lat' dir='ltr'>aranea</span> <span class='ocrx_word' id='word_1_70' title='bbox 1032 587 1108 629; x_wconf 80' lang='lat' dir='ltr'>tela,</span> 
     </span>
    </p>

    <p class='ocr_par' dir='ltr' id='par_1_18' title="bbox 403 635 1268 686">
     <span class='ocr_line' id='line_1_20' title="bbox 403 635 1268 686; baseline -0.005 -11"><span class='ocrx_word' id='word_1_71' title='bbox 403 640 461 676; x_wconf 87' lang='lat' dir='ltr'>hic</span> <span class='ocrx_word' id='word_1_72' title='bbox 475 640 565 674; x_wconf 81' lang='lat' dir='ltr'>lavet</span> <span class='ocrx_word' id='word_1_73' title='bbox 575 644 774 686; x_wconf 80' lang='lat' dir='ltr'>argentum,</span> <span class='ocrx_word' id='word_1_74' title='bbox 791 650 874 673; x_wconf 86' lang='lat' dir='ltr'>vasa</span> <span class='ocrx_word' id='word_1_75' title='bbox 888 649 1008 682; x_wconf 81' lang='lat' dir='ltr'>aspera</span> <span class='ocrx_word' id='word_1_76' title='bbox 1023 642 1153 683; x_wconf 79' lang='lat' dir='ltr'>tergeat</span> <span class='ocrx_word' id='word_1_77' title='bbox 1167 635 1268 679; x_wconf 76' lang='lat' dir='ltr'>alter3</span> 
     </span>
    </p>

    <p class='ocr_par' dir='ltr' id='par_1_19' title="bbox 403 685 1326 729">
     <span class='ocr_line' id='line_1_21' title="bbox 403 685 1326 729; baseline -0.007 -5"><span class='ocrx_word' id='word_1_78' title='bbox 403 701 471 724; x_wconf 75' lang='lat' dir='ltr'>vox</span> <span class='ocrx_word' id='word_1_79' title='bbox 486 689 620 724; x_wconf 88' lang='lat' dir='ltr'>domiui</span> <span class='ocrx_word' id='word_1_80' title='bbox 635 688 750 722; x_wconf 76' lang='lat' dir='ltr'>fremit</span> <span class='ocrx_word' id='word_1_81' title='bbox 765 687 927 721; x_wconf 86' lang='lat' dir='ltr'>instantis</span> <span class='ocrx_word' id='word_1_82' title='bbox 942 686 1152 729; x_wconf 78' lang='lat' dir='ltr'>virgamque</span> <span class='ocrx_word' id='word_1_83' title='bbox 1165 685 1326 720; x_wconf 75' lang='lat' dir='ltr'>tenentis.</span> 
     </span>
    </p>

    <p class='ocr_par' dir='ltr' id='par_1_20' title="bbox 402 731 1270 784">
     <span class='ocr_line' id='line_1_22' title="bbox 402 731 1270 784; baseline -0.005 -12"><span class='ocrx_word' id='word_1_84' title='bbox 402 739 495 784; x_wconf 75' lang='lat' dir='ltr'>Ergo</span> <span class='ocrx_word' id='word_1_85' title='bbox 509 736 615 770; x_wconf 89' lang='lat' dir='ltr'>miser</span> <span class='ocrx_word' id='word_1_86' title='bbox 634 733 798 780; x_wconf 85' lang='lat' dir='ltr'>trepidas,</span> <span class='ocrx_word' id='word_1_87' title='bbox 816 744 860 767; x_wconf 93' lang='lat' dir='ltr'>ne</span> <span class='ocrx_word' id='word_1_88' title='bbox 874 737 1021 767; x_wconf 85' lang='lat' dir='ltr'>stercore</span> <span class='ocrx_word' id='word_1_89' title='bbox 1033 731 1131 767; x_wconf 84' lang='lat' dir='ltr'>foeda</span> <span class='ocrx_word' id='word_1_90' title='bbox 1143 733 1270 768; x_wconf 84' lang='lat' dir='ltr'>canino</span> 
     </span>
    </p>

    <p class='ocr_par' dir='ltr' id='par_1_21' title="bbox 404 781 1152 831">
     <span class='ocr_line' id='line_1_23' title="bbox 404 781 1152 831; baseline -0.007 -10"><span class='ocrx_word' id='word_1_91' title='bbox 404 787 487 822; x_wconf 79' lang='lat' dir='ltr'>atria</span> <span class='ocrx_word' id='word_1_92' title='bbox 502 784 708 831; x_wconf 85' lang='lat' dir='ltr'>displiceant</span> <span class='ocrx_word' id='word_1_93' title='bbox 721 782 833 818; x_wconf 90' lang='lat' dir='ltr'>oculis</span> <span class='ocrx_word' id='word_1_94' title='bbox 852 782 1023 817; x_wconf 86' lang='lat' dir='ltr'>venientis</span> <span class='ocrx_word' id='word_1_95' title='bbox 1036 781 1152 823; x_wconf 85' lang='lat' dir='ltr'>amici,</span> 
     </span>
    </p>

    <p class='ocr_par' dir='ltr' id='par_1_22' title="bbox 404 832 1212 883">
     <span class='ocr_line' id='line_1_24' title="bbox 404 832 1212 883; baseline -0.007 -11"><span class='ocrx_word' id='word_1_96' title='bbox 404 848 447 872; x_wconf 91' lang='lat' dir='ltr'>ne</span> <span class='ocrx_word' id='word_1_97' title='bbox 461 835 599 883; x_wconf 86' lang='lat' dir='ltr'>perfusa</span> <span class='ocrx_word' id='word_1_98' title='bbox 614 834 687 870; x_wconf 89' lang='lat' dir='ltr'>luto</span> <span class='ocrx_word' id='word_1_99' title='bbox 705 834 750 868; x_wconf 90' lang='lat' dir='ltr'>sit</span> <span class='ocrx_word' id='word_1_100' title='bbox 764 832 936 879; x_wconf 84' lang='lat' dir='ltr'>porticus;</span> <span class='ocrx_word' id='word_1_101' title='bbox 966 837 999 867; x_wconf 91' lang='lat' dir='ltr'>et</span> <span class='ocrx_word' id='word_1_102' title='bbox 1013 837 1128 867; x_wconf 85' lang='lat' dir='ltr'>tamen</span> <span class='ocrx_word' id='word_1_103' title='bbox 1141 842 1212 867; x_wconf 93' lang='lat' dir='ltr'>uno</span> 
     </span>
    </p>

    <p class='ocr_par' dir='ltr' id='par_1_23' title="bbox 404 881 1261 922">
     <span class='ocr_line' id='line_1_25' title="bbox 404 881 1261 922; baseline -0.007 0"><span class='ocrx_word' id='word_1_104' title='bbox 404 885 559 922; x_wconf 83' lang='lat' dir='ltr'>semodio</span> <span class='ocrx_word' id='word_1_105' title='bbox 572 885 686 920; x_wconf 89' lang='lat' dir='ltr'>scobis</span> <span class='ocrx_word' id='word_1_106' title='bbox 701 884 785 919; x_wconf 87' lang='lat' dir='ltr'>haec</span> <span class='ocrx_word' id='word_1_107' title='bbox 798 881 964 918; x_wconf 88' lang='lat' dir='ltr'>emundat</span> <span class='ocrx_word' id='word_1_108' title='bbox 977 881 1140 917; x_wconf 87' lang='lat' dir='ltr'>servulus</span> <span class='ocrx_word' id='word_1_109' title='bbox 1154 891 1261 917; x_wconf 86' lang='lat' dir='ltr'>unuS.</span> 
     </span>
    </p>

    <p class='ocr_par' dir='ltr' id='par_1_24' title="bbox 405 931 1163 983">
     <span class='ocr_line' id='line_1_26' title="bbox 405 931 1163 983; baseline -0.007 -12"><span class='ocrx_word' id='word_1_110' title='bbox 405 936 497 971; x_wconf 82' lang='lat' dir='ltr'>Illud</span> <span class='ocrx_word' id='word_1_111' title='bbox 512 947 581 970; x_wconf 89' lang='lat' dir='ltr'>non</span> <span class='ocrx_word' id='word_1_112' title='bbox 598 935 720 983; x_wconf 80' lang='lat' dir='ltr'>agitas,</span> <span class='ocrx_word' id='word_1_113' title='bbox 736 939 775 969; x_wconf 91' lang='lat' dir='ltr'>ut</span> <span class='ocrx_word' id='word_1_114' title='bbox 789 938 944 968; x_wconf 82' lang='lat' dir='ltr'>sanctam</span> <span class='ocrx_word' id='word_1_115' title='bbox 959 932 1055 967; x_wconf 82' lang='lat' dir='ltr'>filius</span> <span class='ocrx_word' id='word_1_116' title='bbox 1066 931 1163 968; x_wconf 88' lang='lat' dir='ltr'>omni</span> 
     </span>
    </p>

    <p class='ocr_par' dir='ltr' id='par_1_25' title="bbox 405 979 1295 1032">
     <span class='ocr_line' id='line_1_27' title="bbox 405 979 1295 1032; baseline -0.007 -11"><span class='ocrx_word' id='word_1_117' title='bbox 405 985 573 1032; x_wconf 81' lang='lat' dir='ltr'>adspiciat</span> <span class='ocrx_word' id='word_1_118' title='bbox 586 985 662 1020; x_wconf 89' lang='lat' dir='ltr'>sine</span> <span class='ocrx_word' id='word_1_119' title='bbox 679 984 756 1020; x_wconf 87' lang='lat' dir='ltr'>labe</span> <span class='ocrx_word' id='word_1_120' title='bbox 770 984 917 1019; x_wconf 90' lang='lat' dir='ltr'>domum</span> <span class='ocrx_word' id='word_1_121' title='bbox 931 982 1087 1029; x_wconf 88' lang='lat' dir='ltr'>vitioque</span> <span class='ocrx_word' id='word_1_122' title='bbox 1098 979 1295 1017; x_wconf 75' lang='lat' dir='ltr'>carentem?</span> 
     </span>
    </p>

    <p class='ocr_par' dir='ltr' id='par_1_26' title="bbox 405 1029 1371 1081">
     <span class='ocr_line' id='line_1_28' title="bbox 405 1029 1371 1081; baseline -0.005 -11"><span class='ocrx_word' id='word_1_123' title='bbox 405 1036 553 1070; x_wconf 86' lang='lat' dir='ltr'>Gratum</span> <span class='ocrx_word' id='word_1_124' title='bbox 566 1040 629 1077; x_wconf 88' lang='lat' dir='ltr'>est,</span> <span class='ocrx_word' id='word_1_125' title='bbox 646 1035 742 1081; x_wconf 88' lang='lat' dir='ltr'>quod</span> <span class='ocrx_word' id='word_1_126' title='bbox 756 1034 887 1080; x_wconf 85' lang='lat' dir='ltr'>patriae</span> <span class='ocrx_word' id='word_1_127' title='bbox 899 1033 1012 1069; x_wconf 88' lang='lat' dir='ltr'>civem</span> <span class='ocrx_word' id='word_1_128' title='bbox 1026 1031 1227 1079; x_wconf 85' lang='lat' dir='ltr'>populoque</span> <span class='ocrx_word' id='word_1_129' title='bbox 1234 1029 1371 1071; x_wconf 87' lang='lat' dir='ltr'>dedisti,</span> 
     </span>
    </p>

    <p class='ocr_par' dir='ltr' id='par_1_27' title="bbox 405 1082 1212 1131">
     <span class='ocr_line' id='line_1_29' title="bbox 405 1082 1212 1131; baseline -0.004 -12"><span class='ocrx_word' id='word_1_130' title='bbox 405 1086 434 1119; x_wconf 93' lang='lat' dir='ltr'>si</span> <span class='ocrx_word' id='word_1_131' title='bbox 448 1085 543 1126; x_wconf 86' lang='lat' dir='ltr'>facis,</span> <span class='ocrx_word' id='word_1_132' title='bbox 565 1091 603 1120; x_wconf 89' lang='lat' dir='ltr'>ut</span> <span class='ocrx_word' id='word_1_133' title='bbox 618 1085 746 1131; x_wconf 82' lang='lat' dir='ltr'>patriae</span> <span class='ocrx_word' id='word_1_134' title='bbox 761 1085 806 1119; x_wconf 83' lang='lat' dir='ltr'>sit</span> <span class='ocrx_word' id='word_1_135' title='bbox 820 1083 979 1126; x_wconf 72' lang='lat' dir='ltr'>idoneus,</span> <span class='ocrx_word' id='word_1_136' title='bbox 997 1083 1094 1119; x_wconf 85' lang='lat' dir='ltr'>utilis</span> <span class='ocrx_word' id='word_1_137' title='bbox 1105 1082 1212 1129; x_wconf 80' lang='lat' dir='ltr'>agris,</span> 
     </span>
    </p>

    <p class='ocr_par' dir='ltr' id='par_1_28' title="bbox 405 1132 1187 1181">
     <span class='ocr_line' id='line_1_30' title="bbox 405 1132 1187 1181; baseline -0.003 -13"><span class='ocrx_word' id='word_1_138' title='bbox 405 1133 502 1169; x_wconf 89' lang='lat' dir='ltr'>utilis</span> <span class='ocrx_word' id='word_1_139' title='bbox 518 1139 550 1169; x_wconf 86' lang='lat' dir='ltr'>et</span> <span class='ocrx_word' id='word_1_140' title='bbox 565 1134 737 1169; x_wconf 85' lang='lat' dir='ltr'>bellorum</span> <span class='ocrx_word' id='word_1_141' title='bbox 750 1139 783 1169; x_wconf 91' lang='lat' dir='ltr'>et</span> <span class='ocrx_word' id='word_1_142' title='bbox 796 1133 902 1168; x_wconf 87' lang='lat' dir='ltr'>rebus</span> <span class='ocrx_word' id='word_1_143' title='bbox 915 1134 1010 1179; x_wconf 82' lang='lat' dir='ltr'>pacis</span> <span class='ocrx_word' id='word_1_144' title='bbox 1029 1132 1187 1181; x_wconf 80' lang='lat' dir='ltr'>agendis.</span> 
     </span>
    </p>

    <p class='ocr_par' dir='ltr' id='par_1_29' title="bbox 404 1178 1400 1227">
     <span class='ocr_line' id='line_1_31' title="bbox 404 1178 1400 1227; baseline -0.004 -8"><span class='ocrx_word' id='word_1_145' title='bbox 404 1183 604 1219; x_wconf 89' lang='lat' dir='ltr'>Plurimum</span> <span class='ocrx_word' id='word_1_146' title='bbox 628 1183 722 1218; x_wconf 88' lang='lat' dir='ltr'>enim</span> <span class='ocrx_word' id='word_1_147' title='bbox 743 1182 908 1223; x_wconf 86' lang='lat' dir='ltr'>intererit,</span> <span class='ocrx_word' id='word_1_148' title='bbox 924 1183 1057 1227; x_wconf 89' lang='lat' dir='ltr'>quibus</span> <span class='ocrx_word' id='word_1_149' title='bbox 1075 1182 1209 1218; x_wconf 82' lang='lat' dir='ltr'>artibus</span> <span class='ocrx_word' id='word_1_150' title='bbox 1223 1185 1256 1216; x_wconf 85' lang='lat' dir='ltr'>et</span> <span class='ocrx_word' id='word_1_151' title='bbox 1267 1178 1400 1227; x_wconf 82' lang='lat' dir='ltr'>quibus</span> 
     </span>
    </p>

    <p class='ocr_par' dir='ltr' id='par_1_30' title="bbox 942 1231 1085 1265">
     <span class='ocr_line' id='line_1_32' title="bbox 942 1231 1085 1265; baseline -0.007 0"><span class='ocrx_word' id='word_1_152' title='bbox 942 1231 1037 1265; x_wconf 90' lang='lat' dir='ltr'>hunc</span> <span class='ocrx_word' id='word_1_153' title='bbox 1048 1237 1085 1264; x_wconf 88' lang='lat' dir='ltr'>tu</span> 
     </span>
    </p>

    <p class='ocr_par' dir='ltr' id='par_1_31' title="bbox 406 1276 1232 1325">
     <span class='ocr_line' id='line_1_33' title="bbox 406 1276 1232 1325; baseline -0.007 -8"><span class='ocrx_word' id='word_1_154' title='bbox 406 1280 564 1317; x_wconf 86' lang='lat' dir='ltr'>moribus</span> <span class='ocrx_word' id='word_1_155' title='bbox 578 1280 754 1315; x_wconf 85' lang='lat' dir='ltr'>instituas.</span> <span class='ocrx_word' id='word_1_156' title='bbox 794 1280 958 1325; x_wconf 85' lang='lat' dir='ltr'>Serpente</span> <span class='ocrx_word' id='word_1_157' title='bbox 971 1279 1100 1314; x_wconf 85' lang='lat' dir='ltr'>ciconia</span> <span class='ocrx_word' id='word_1_158' title='bbox 1116 1276 1232 1324; x_wconf 81' lang='lat' dir='ltr'>pullos</span> 
     </span>
    </p>

    <p class='ocr_par' dir='ltr' id='par_1_32' title="bbox 406 1328 1178 1375">
     <span class='ocr_line' id='line_1_34' title="bbox 406 1328 1178 1375; baseline -0.006 -8"><span class='ocrx_word' id='word_1_159' title='bbox 406 1331 526 1372; x_wconf 85' lang='lat' dir='ltr'>nutrit,</span> <span class='ocrx_word' id='word_1_160' title='bbox 542 1335 576 1366; x_wconf 89' lang='lat' dir='ltr'>et</span> <span class='ocrx_word' id='word_1_161' title='bbox 594 1330 732 1365; x_wconf 86' lang='lat' dir='ltr'>inventa</span> <span class='ocrx_word' id='word_1_162' title='bbox 750 1340 811 1375; x_wconf 90' lang='lat' dir='ltr'>per</span> <span class='ocrx_word' id='word_1_163' title='bbox 825 1328 924 1364; x_wconf 86' lang='lat' dir='ltr'>devia</span> <span class='ocrx_word' id='word_1_164' title='bbox 940 1341 1021 1364; x_wconf 84' lang='lat' dir='ltr'>rura</span> <span class='ocrx_word' id='word_1_165' title='bbox 1037 1328 1178 1363; x_wconf 84' lang='lat' dir='ltr'>lacerta:</span> 
     </span>
    </p>

    <p class='ocr_par' dir='ltr' id='par_1_33' title="bbox 407 1376 1240 1425">
     <span class='ocr_line' id='line_1_35' title="bbox 407 1376 1240 1425; baseline -0.007 -9"><span class='ocrx_word' id='word_1_166' title='bbox 407 1381 457 1416; x_wconf 88' lang='lat' dir='ltr'>illi</span> <span class='ocrx_word' id='word_1_167' title='bbox 473 1380 591 1416; x_wconf 86' lang='lat' dir='ltr'>eadem</span> <span class='ocrx_word' id='word_1_168' title='bbox 605 1379 732 1415; x_wconf 83' lang='lat' dir='ltr'>sumtis</span> <span class='ocrx_word' id='word_1_169' title='bbox 746 1383 920 1425; x_wconf 84' lang='lat' dir='ltr'>quaerunt</span> <span class='ocrx_word' id='word_1_170' title='bbox 933 1377 1095 1414; x_wconf 87' lang='lat' dir='ltr'>animalia</span> <span class='ocrx_word' id='word_1_171' title='bbox 1109 1376 1240 1423; x_wconf 79' lang='lat' dir='ltr'>pinnis,</span> 
     </span>
    </p>

    <p class='ocr_par' dir='ltr' id='par_1_34' title="bbox 405 1425 1333 1473">
     <span class='ocr_line' id='line_1_36' title="bbox 405 1425 1333 1473; baseline -0.004 -7"><span class='ocrx_word' id='word_1_172' title='bbox 405 1430 544 1471; x_wconf 82' lang='lat' dir='ltr'>Vultur,</span> <span class='ocrx_word' id='word_1_173' title='bbox 566 1430 723 1466; x_wconf 88' lang='lat' dir='ltr'>iumento</span> <span class='ocrx_word' id='word_1_174' title='bbox 734 1434 768 1464; x_wconf 84' lang='lat' dir='ltr'>et</span> <span class='ocrx_word' id='word_1_175' title='bbox 785 1429 933 1464; x_wconf 89' lang='lat' dir='ltr'>canibus</span> <span class='ocrx_word' id='word_1_176' title='bbox 945 1428 1179 1473; x_wconf 82' lang='lat' dir='ltr'>crucibusque</span> <span class='ocrx_word' id='word_1_177' title='bbox 1194 1425 1333 1467; x_wconf 83' lang='lat' dir='ltr'>relictis.</span> 
     </span>
    </p>

    <p class='ocr_par' dir='ltr' id='par_1_35' title="bbox 407 1475 1254 1526">
     <span class='ocr_line' id='line_1_37' title="bbox 407 1475 1254 1526; baseline -0.006 -11"><span class='ocrx_word' id='word_1_178' title='bbox 407 1480 450 1515; x_wconf 88' lang='lat' dir='ltr'>ad</span> <span class='ocrx_word' id='word_1_179' title='bbox 466 1479 554 1515; x_wconf 80' lang='lat' dir='ltr'>setus</span> <span class='ocrx_word' id='word_1_180' title='bbox 568 1488 729 1526; x_wconf 84' lang='lat' dir='ltr'>properat</span> <span class='ocrx_word' id='word_1_181' title='bbox 741 1485 946 1525; x_wconf 86' lang='lat' dir='ltr'>partemque</span> <span class='ocrx_word' id='word_1_182' title='bbox 959 1477 1133 1513; x_wconf 86' lang='lat' dir='ltr'>cadaveris</span> <span class='ocrx_word' id='word_1_183' title='bbox 1148 1475 1254 1511; x_wconf 82' lang='lat' dir='ltr'>affert.</span> 
     </span>
    </p>

    <p class='ocr_par' dir='ltr' id='par_1_36' title="bbox 409 1526 1306 1577">
     <span class='ocr_line' id='line_1_38' title="bbox 409 1526 1306 1577; baseline -0.003 -13"><span class='ocrx_word' id='word_1_184' title='bbox 409 1531 471 1564; x_wconf 90' lang='lat' dir='ltr'>Hic</span> <span class='ocrx_word' id='word_1_185' title='bbox 484 1535 535 1564; x_wconf 88' lang='lat' dir='ltr'>est</span> <span class='ocrx_word' id='word_1_186' title='bbox 547 1541 629 1577; x_wconf 82' lang='lat' dir='ltr'>ergo</span> <span class='ocrx_word' id='word_1_187' title='bbox 642 1529 742 1564; x_wconf 91' lang='lat' dir='ltr'>cibus</span> <span class='ocrx_word' id='word_1_188' title='bbox 757 1530 878 1577; x_wconf 80' lang='lat' dir='ltr'>magni</span> <span class='ocrx_word' id='word_1_189' title='bbox 892 1539 1034 1575; x_wconf 87' lang='lat' dir='ltr'>quoque</span> <span class='ocrx_word' id='word_1_190' title='bbox 1046 1526 1207 1566; x_wconf 75' lang='lat' dir='ltr'>vulturis,</span> <span class='ocrx_word' id='word_1_191' title='bbox 1223 1530 1255 1560; x_wconf 91' lang='lat' dir='ltr'>et</span> <span class='ocrx_word' id='word_1_192' title='bbox 1269 1536 1306 1561; x_wconf 84' lang='lat' dir='ltr'>se</span> 
     </span>
    </p>

    <p class='ocr_par' dir='ltr' id='par_1_37' title="bbox 407 1574 1311 1626">
     <span class='ocr_line' id='line_1_39' title="bbox 407 1574 1311 1626; baseline -0.006 -12"><span class='ocrx_word' id='word_1_193' title='bbox 407 1579 592 1626; x_wconf 86' lang='lat' dir='ltr'>pascentis,</span> <span class='ocrx_word' id='word_1_194' title='bbox 608 1579 749 1626; x_wconf 88' lang='lat' dir='ltr'>propria</span> <span class='ocrx_word' id='word_1_195' title='bbox 763 1591 876 1626; x_wconf 90' lang='lat' dir='ltr'>quum</span> <span class='ocrx_word' id='word_1_196' title='bbox 891 1579 960 1613; x_wconf 87' lang='lat' dir='ltr'>iam</span> <span class='ocrx_word' id='word_1_197' title='bbox 973 1578 1053 1613; x_wconf 78' lang='lat' dir='ltr'>facit.</span> <span class='ocrx_word' id='word_1_198' title='bbox 1066 1577 1186 1612; x_wconf 86' lang='lat' dir='ltr'>arbore</span> <span class='ocrx_word' id='word_1_199' title='bbox 1200 1574 1311 1610; x_wconf 83' lang='lat' dir='ltr'>nidos.</span> 
     </span>
    </p>

    <p class='ocr_par' dir='ltr' id='par_1_38' title="bbox 407 1627 1399 1675">
     <span class='ocr_line' id='line_1_40' title="bbox 407 1627 1399 1675; baseline -0.005 -11"><span class='ocrx_word' id='word_1_200' title='bbox 407 1629 475 1664; x_wconf 87' lang='lat' dir='ltr'>Sed</span> <span class='ocrx_word' id='word_1_201' title='bbox 488 1628 637 1674; x_wconf 89' lang='lat' dir='ltr'>leporem</span> <span class='ocrx_word' id='word_1_202' title='bbox 653 1634 712 1664; x_wconf 89' lang='lat' dir='ltr'>aut</span> <span class='ocrx_word' id='word_1_203' title='bbox 724 1640 883 1675; x_wconf 84' lang='lat' dir='ltr'>capream</span> <span class='ocrx_word' id='word_1_204' title='bbox 901 1628 1050 1664; x_wconf 72' lang='lat' dir='ltr'>famulae</span> <span class='ocrx_word' id='word_1_205' title='bbox 1063 1627 1154 1662; x_wconf 88' lang='lat' dir='ltr'>Iovis</span> <span class='ocrx_word' id='word_1_206' title='bbox 1168 1630 1201 1661; x_wconf 86' lang='lat' dir='ltr'>et</span> <span class='ocrx_word' id='word_1_207' title='bbox 1213 1633 1399 1671; x_wconf 73' lang='lat' dir='ltr'>generosae</span> 
     </span>
    </p>

    <p class='ocr_par' dir='ltr' id='par_1_39' title="bbox 408 1675 1232 1724">
     <span class='ocr_line' id='line_1_41' title="bbox 408 1675 1232 1724; baseline -0.006 -10"><span class='ocrx_word' id='word_1_208' title='bbox 408 1679 445 1714; x_wconf 87' lang='lat' dir='ltr'>in</span> <span class='ocrx_word' id='word_1_209' title='bbox 461 1678 551 1714; x_wconf 86' lang='lat' dir='ltr'>saltu</span> <span class='ocrx_word' id='word_1_210' title='bbox 566 1684 739 1715; x_wconf 81' lang='lat' dir='ltr'>venantur</span> <span class='ocrx_word' id='word_1_211' title='bbox 751 1690 850 1715; x_wconf 90' lang='lat' dir='ltr'>aves:</span> <span class='ocrx_word' id='word_1_212' title='bbox 880 1684 963 1714; x_wconf 84' lang='lat' dir='ltr'>tune</span> <span class='ocrx_word' id='word_1_213' title='bbox 979 1677 1105 1724; x_wconf 87' lang='lat' dir='ltr'>praeda</span> <span class='ocrx_word' id='word_1_214' title='bbox 1122 1675 1232 1711; x_wconf 88' lang='lat' dir='ltr'>cubili</span> 
     </span>
    </p>

    <p class='ocr_par' dir='ltr' id='par_1_40' title="bbox 408 1723 1301 1776">
     <span class='ocr_line' id='line_1_42' title="bbox 408 1723 1301 1776; baseline -0.006 -12"><span class='ocrx_word' id='word_1_215' title='bbox 408 1729 567 1775; x_wconf 86' lang='lat' dir='ltr'>ponitur:</span> <span class='ocrx_word' id='word_1_216' title='bbox 597 1728 679 1765; x_wconf 86' lang='lat' dir='ltr'>inde</span> <span class='ocrx_word' id='word_1_217' title='bbox 696 1734 826 1771; x_wconf 86' lang='lat' dir='ltr'>autem,</span> <span class='ocrx_word' id='word_1_218' title='bbox 841 1740 956 1776; x_wconf 88' lang='lat' dir='ltr'>quum</span> <span class='ocrx_word' id='word_1_219' title='bbox 968 1738 1006 1763; x_wconf 84' lang='lat' dir='ltr'>se</span> <span class='ocrx_word' id='word_1_220' title='bbox 1019 1732 1153 1763; x_wconf 84' lang='lat' dir='ltr'>matura</span> <span class='ocrx_word' id='word_1_221' title='bbox 1173 1723 1301 1761; x_wconf 86' lang='lat' dir='ltr'>levabit</span> 
     </span>
    </p>
   </div>
  </div>
 </body>
</html>
