1252 2025
407 114 601 143 SATIRA
628 116 672 142 x.
968 111 1032 145 ⁴45

50 180 232 229 optandas:
259 179 319 215 sed
335 178 462 214 multae
476 179 580 214 urbes
594 184 625 214 et
639 177 777 225 publica
796 185 874 216 vota

0 259 1 269 ,
52 233 215 267 vicerunt.
256 230 364 277 Igitur
377 230 528 264 Fortuna
544 229 654 275 ipsius
669 234 700 263 et
715 228 817 263 Urbis
1055 236 1106 264 285

52 285 221 316 servatum
235 279 325 315 victo
339 284 441 325 caput
459 279 614 314 abstulit.
656 279 725 312 Hoc
738 277 892 312 cruciatu

50 328 226 369 Lentulus,
244 328 308 363 hac
325 339 433 374 poena
447 329 557 363 caruit
571 327 761 374 ceciditque
775 327 949 375 Cethegus

50 379 189 426 integer,
205 381 238 412 et
251 377 356 412 iacuit
369 377 516 412 Catilina
531 377 695 412 cadavere
709 381 786 412 toto.

97 428 256 462 Formam
271 431 364 472 optat
378 427 513 461 modico
529 427 658 472 pueris,
676 427 803 461 maiore
816 424 944 471 puellis

50 486 236 516 murmure,
254 487 364 521 quum
381 476 522 510 Veneris
537 476 658 511 fanum
673 475 778 516 videt,
795 475 898 509 anxia
912 477 1033 516 mater,
1056 480 1107 508 290

49 535 158 571 usque
172 524 214 559 ad
227 525 367 559 delicias
380 535 550 559 votorum.
583 524 652 559 Gur
667 530 788 564 tamen,
804 523 931 570 inquit,

50 572 242 618 corripias?
269 574 395 608 Pulcra
406 576 531 617 gaudet
545 573 679 607 Latona
692 573 817 607 Diana.

48 621 113 658 Sed
126 627 216 657 vetat
229 623 339 669 optari
354 622 475 657 faciem
491 622 660 662 Lucretia,
678 620 819 668 qualem

46 671 121 717 ipsa
134 671 275 707 habuit:
303 677 443 717 cuperet
455 670 591 706 Rutilae
604 671 763 718 Virginia
777 670 926 717 gibbum

47 720 209 765 accipere,
227 724 329 765 atque
343 730 443 754 suam
457 719 593 754 Rutilae
605 720 699 754 dare.
739 720 851 754 Filius
869 726 985 754 autem
1055 724 1106 752 295

47 768 197 813 corporis
210 768 339 816 egregii
357 768 502 803 miseros
515 768 736 814 trepidosque
749 772 906 814 parentes

48 827 182 863 semper
195 816 313 850 habet:
343 829 417 851 rara
432 822 482 852 est
496 817 579 851 adeo
592 817 774 848 concordia
788 816 918 849 formae

49 871 150 911 atque
167 864 364 911 pudicitiae.
405 866 547 898 Sanetos
564 862 640 897 licet
654 863 791 898 horrida
806 874 919 898 mores

48 914 222 949 tradiderit
235 913 360 948 domus
374 923 412 947 ac
426 917 554 948 veteres
570 912 699 946 imitata
715 912 874 954 Sabinos,

48 968 218 1009 praeterea
230 968 365 998 eastum
382 962 562 1010 ingenium
577 961 787 1007 vultumque
801 961 1011 1005 modestum,
1054 968 1105 996 300

48 1013 218 1060 sanguine
231 1011 430 1054 ferventem,
447 1011 575 1046 tribuat
589 1015 709 1046 natura
724 1012 874 1058 benigna

48 1061 143 1109 larga
157 1072 282 1105 manu3
311 1061 411 1108 (quid
423 1061 516 1096 enim
531 1071 638 1106 puero
649 1060 802 1096 conferre
814 1065 925 1108 potest
937 1059 1019 1106 plus

47 1111 186 1145 custode
199 1117 230 1146 et
243 1122 323 1146 cura
337 1115 459 1146 natura
475 1111 642 1156 potentior
655 1109 786 1157 omni‘?)

48 1171 116 1194 non
135 1159 210 1194 licet
225 1170 298 1195 esse
313 1160 415 1195 viris:
445 1171 525 1194 nam
538 1159 681 1205 prodiga
699 1158 909 1204 corruptoris

48 1209 248 1253 improbitas
262 1209 356 1253 ipsos
372 1207 474 1242 audet
491 1211 620 1242 tentare
633 1212 808 1253 parentes:
1053 1214 1104 1241 305

44 1261 135 1290 tanta
150 1256 185 1290 in
199 1256 404 1291 muneribus
419 1256 562 1291 fiducia!
592 1257 719 1293 Nullus
733 1257 908 1304 ephebum

44 1303 231 1340 deformem
246 1316 349 1340 saeva
361 1307 523 1341 castravit
539 1306 574 1341 in
588 1317 664 1341 aree
679 1312 850 1354 tyrannus
862 1317 870 1349 ς

45 1365 106 1389 nec
117 1358 367 1400 praetextatum
381 1354 497 1398 rapuit
510 1355 599 1387 Nero
613 1355 813 1398 loripedem,
830 1352 886 1388 vel

45 1408 271 1444 strumosum,
288 1407 391 1448 atque
405 1407 501 1436 utero
508 1401 633 1447 pariter
639 1402 1028 1449 gibboquetumentem.

45 1453 176 1495 Inunc,
194 1457 226 1487 et
241 1451 378 1487 iuvenis
391 1451 504 1497 specie
518 1450 641 1486 laetare
654 1452 724 1485 tui!
753 1451 867 1494 Quem
908 1479 913 1483 .
1050 1458 1102 1485 310

46 1502 172 1537 maiora
186 1506 384 1548 exspectant
395 1499 622 1536 discrimina?
646 1501 721 1535 Fiet
734 1500 869 1536 adulter

45 1549 218 1597 publicus,
234 1555 266 1586 et
279 1562 407 1597 poenas
426 1554 569 1590 metuet,
582 1560 824 1597 quascumque
837 1549 953 1586 mariti

46 1599 180 1647 exigere
192 1600 269 1636 irati
281 1613 288 1645 ;
318 1609 380 1636 nee
392 1600 456 1636 erit
469 1598 598 1635 felicior
609 1603 700 1635 astro

46 1648 175 1692 Martis,
192 1650 281 1686 utin
296 1649 438 1698 laqueos
453 1659 649 1696 numquam
662 1648 801 1685 ineidat.
833 1648 954 1697 Exigit
967 1659 1029 1684 au-

576 1703 646 1734 tem

47 1745 219 1783 interdum
234 1748 298 1785 iste
313 1747 411 1786 dolor
424 1747 518 1796 plus,
535 1759 642 1796 quam
659 1746 715 1784 lex
727 1746 799 1784 ulla
813 1746 922 1782 dolori
1048 1752 1098 1780 315

816 1808 879 1844 Ha
