1252 2025
346 72 533 101 SATIRA
559 72 650 102 vm.
946 67 986 100 97

16 147 107 183 noete
121 139 277 187 quidem,
307 137 366 172 sed
385 137 467 172 luna
483 138 586 180 videt,
602 137 661 174 sed
676 136 786 172 sidera
802 141 902 172 testes

16 190 192 229 intendunt
205 187 334 222 oculos.
376 188 529 222 Finitum
545 193 679 233 tempus
694 187 835 221 honoris
1013 192 1062 219 150

16 250 122 289 quum
136 237 246 278 fuerit,
263 236 351 271 clara
368 236 598 282 Damasippus
613 236 687 271 luce
700 235 877 281 flagellum

15 291 134 325 sumet.
149 291 180 320 et
193 297 374 320 occursum
391 298 566 331 nusquam
583 285 764 331 trepidabit
777 284 878 319 amici

16 338 81 373 iam
93 335 197 375 senis,
215 347 252 369 ae
270 336 363 381 virga
379 335 472 380 prior
486 335 623 374 adnuet,
641 340 744 380 atque
758 332 929 380 maniplos

15 384 129 425 solvet,
145 389 176 418 et
191 383 347 418 infundet
360 385 522 418 iumentis
537 384 662 419 hordea
679 383 789 418 lassis.

15 435 150 473 Interea,
168 432 251 467 dum
269 433 397 467 lanatas
412 438 621 479 torvumque
639 433 826 467 iuvencum
1014 438 1064 464 155

15 493 104 520 more
117 482 250 516 Numae
264 482 371 516 caedit
388 483 476 516 Iovis
491 487 568 516 ante
581 482 711 522 altaria,
731 482 820 515 iurat

14 530 118 567 solam
133 531 289 576 Eponam
305 536 336 565 et
349 531 449 565 facies
463 531 552 565 olida
568 531 611 565 ad
625 530 798 575 praesepia
812 529 933 574 pictas.

15 579 78 616 Sed
94 591 203 626 quum
223 580 406 626 pervigiles
421 580 530 624 placet
545 580 734 613 instaurare
748 579 914 623 popinas,

15 628 136 664 obvius
151 629 296 663 adsiduo
309 629 549 675 Syrophoenix
563 627 654 663 udus
673 637 810 662 amomo

14 677 128 718 currit,
146 678 326 712 Idumaeae
340 678 581 724 Syrophoenix
596 676 706 712 incola
721 682 849 722 portae,
1016 680 1067 708 160

14 725 159 770 hospitis
173 726 291 759 affectu
305 727 487 760 dominum
502 737 688 772 regemque
702 726 837 766 salutat,

16 780 48 809 et
64 785 144 808 cum
159 773 271 808 venali
286 774 401 820 Cyane
416 775 586 808 succincta
601 774 730 820 lagena.

65 823 226 857 Defensor
239 822 358 868 culpae
376 823 462 857 dicet
477 823 580 857 mihi:
610 823 764 857 Fecimus
778 828 808 856 et
822 833 882 856 uos

17 873 97 906 haec
111 876 258 906 iuvenes.
296 873 390 906 Esto.
432 872 553 906 Desisti
569 883 703 918 nempe,
721 882 783 906 nec
796 870 885 905 ultra

19 919 131 955 fovisti
147 932 308 955 errorem.
350 922 454 955 Breve
468 921 523 961 sit,
541 921 636 967 quod
650 921 794 966 turpiter
809 919 927 954 audes.
1020 927 1069 953 105

19 968 192 1012 Quaedam
207 980 287 1004 cum
304 970 414 1015 prima
429 975 622 1005 resecentur
635 970 781 1004 crimina
795 968 912 1003 barba.

19 1018 163 1065 Indulge
177 1019 314 1053 veniam
330 1019 458 1065 pueris.
498 1020 727 1064 Damasippus
742 1018 785 1053 ad
800 1017 877 1052 illos

19 1066 232 1102 thermarum
245 1068 366 1102 calices
382 1068 614 1114 inscriptaque
630 1068 731 1103 lintea
746 1065 851 1110 vadit,

18 1122 176 1151 maturus
191 1116 291 1157 helio,
309 1117 489 1151 Armeniae
503 1118 691 1164 Syriaeque
704 1115 841 1151 tuendis

19 1165 181 1199 amnibus
196 1171 227 1200 et
246 1166 363 1200 Rheno
376 1172 478 1210 atque
491 1167 585 1200 Istro.
626 1167 799 1200 Praestare
813 1165 984 1201 Neronem
1021 1171 1072 1198 170

18 1224 177 1248 securum
192 1213 280 1248 valet
294 1214 376 1247 haec
389 1218 489 1248 aetas.
529 1215 624 1249 Mitte
642 1214 749 1255 Ostia,
766 1214 904 1255 Caesar,

18 1262 131 1304 mitte;
161 1261 221 1296 sed
235 1262 270 1296 in
289 1263 581 1310 magna-legatum
596 1275 722 1310 quaere
734 1264 881 1309 popina:

19 1310 170 1345 invenies
185 1310 302 1356 aliquo
316 1322 395 1346 eum
411 1323 612 1357 percussore
626 1314 804 1353 iacentem,

18 1359 228 1406 permixtum
244 1361 357 1394 nautis
372 1366 430 1395 aut
444 1361 581 1396 furibus
597 1366 657 1396 aut
670 1361 840 1408 fugitivis,

18 1408 105 1444 inter
117 1408 294 1443 carnifices
307 1413 340 1443 et
354 1408 466 1444 fabros
481 1410 742 1456 sandapilarum
1023 1416 1073 1443 175

19 1461 50 1493 et
61 1458 249 1503 resupinati
264 1459 430 1492 cessantia
445 1463 611 1505 tympana
626 1458 729 1500 Galli,

20 1516 127 1552 aequa
142 1506 203 1541 ubi
219 1506 370 1548 libertas,
386 1509 584 1542 communia
596 1507 731 1554 pocula,
749 1507 857 1542 lectus

19 1565 85 1590 non
101 1555 190 1590 alius
204 1556 381 1602 cuiquam,
403 1568 464 1591 nec
478 1568 596 1592 mensa
611 1557 772 1592 remotior
784 1556 862 1591 ulli.

20 1602 111 1647 Quid
124 1603 239 1646 facias,
257 1605 359 1640 talem
373 1606 525 1648 sortitus,
542 1607 689 1648 Pontice,
706 1617 784 1642 serv
776 1604 873 1641 um‘?

22 1651 177 1699 Nempe
168 1666 204 1689 m
218 1655 375 1690 Lucanos
389 1658 448 1689 aut
462 1656 572 1690 Tusca
585 1655 757 1703 ergastula
770 1655 899 1690 mittas.
1025 1661 1076 1687 180

22 1699 66 1736 At
76 1713 150 1744 vos,
168 1703 391 1752 Troiugenae,
407 1705 507 1741 vobis
521 1705 710 1753 ignoscitis,
725 1710 769 1747 et,
790 1715 880 1751 quae

73 1761 224 1798 IUVENAL.
828 1764 859 1800 G
