1252 2025
392 116 586 146 SATIRA
613 115 656 142 X.
952 106 1016 139 445

38 186 219 237 optandas:
246 183 306 220 sed
321 181 448 218 multae
461 181 566 216 urbes
579 184 611 214 et
625 175 763 225 publica
782 182 860 213 vota

40 240 203 275 vicerunt.
242 234 351 282 Igitur
363 233 515 267 Fortuna
531 229 641 276 ipsius
655 232 687 262 et
701 226 803 262 Urbis
1041 229 1092 258 285

41 291 209 324 servatum
222 284 312 319 victo
326 286 427 328 caput
446 280 602 316 abstulit.
643 277 712 312 Hoc
725 275 879 310 cruciatu

40 334 215 374 Lentulus,
232 333 296 368 hac
313 342 421 377 poena
435 329 545 364 caruit
559 326 749 372 ceciditque
763 324 936 371 Cethegus

40 386 179 432 integer,
194 386 227 417 et
240 382 345 416 iacuit
358 379 504 415 Catilina
519 377 684 413 cadavere
697 378 775 410 toto.

87 434 247 469 Formam
260 435 354 476 optat
367 428 503 464 modico
518 426 648 473 pueris,
664 425 792 459 maiore
805 420 933 468 puellis

41 491 227 521 murmure,
244 490 354 526 quum
370 477 512 512 Veneris
527 476 648 511 sanum
663 473 767 513 videt,
785 471 887 506 anxia
901 471 1022 510 mater,
1045 473 1096 502 29⁰

40 541 150 578 usque
163 530 205 565 ad
218 529 358 564 delicias
371 536 540 561 votorum.
573 524 643 559 Gur
657 529 778 561 tamen,
795 519 921 566 inquit,

42 577 234 624 corripias?
260 578 386 624 Pulcra
398 577 522 620 yaudet
537 573 670 607 Latona
683 571 808 605 Diana.

41 628 107 665 Sed
119 632 209 663 vetat
221 626 331 673 optari
346 624 468 660 faciem
483 622 652 660 Lucretia,
669 618 811 666 qualem

39 678 115 724 ipsa
126 677 268 712 habuit:
296 679 436 720 cuperet
447 670 584 707 Rutilae
597 670 755 716 Virginia
770 666 918 714 gibbum

41 727 203 771 accipere,
220 729 323 769 atque
337 732 437 757 suam
451 719 586 754 Rutilae
598 719 692 752 dare.
731 717 844 752 Filius
862 721 978 750 autem
1047 717 1098 744 2⁹5

42 773 192 820 corporis
204 771 334 819 egregii
352 770 496 805 miseros
508 767 729 813 trepidosque
742 767 900 811 parentoe

44 832 178 868 semper
190 820 308 855 habet:
339 831 412 853 rara
427 823 477 854 est
491 817 574 851 adeo
587 814 768 847 concordia
783 812 912 844 formae

45 878 147 917 atque
163 867 360 916 pudicitiae.
401 867 543 900 Sanctos
559 862 635 896 licet
649 859 787 896 horrida
800 869 914 894 mores

44 918 219 955 tradiderit
232 917 357 952 domus
371 925 409 950 ac
422 918 551 948 veteres
565 911 696 945 imitata
711 909 870 950 Sabinos,

45 974 216 1015 praeterea
228 971 363 1001 castum
379 962 559 1011 ingenium
574 960 783 1005 vultumque
798 956 1007 998 modestum,
1050 961 1101 989 300

46 1017 216 1065 sanguine
229 1014 428 1055 ferventem,
445 1011 573 1046 tribuat
586 1014 707 1045 natura
722 1008 871 1054 benigna

46 1067 142 1114 larga
155 1076 281 1108 manu;
310 1063 409 1110 (quid
422 1062 514 1098 enim
529 1070 636 1106 puero
647 1057 800 1094 conferre
812 1059 922 1103 potest
934 1053 1016 1100 plus

45 1115 185 1151 custode
198 1121 230 1150 et
241 1125 322 1149 cura
336 1117 459 1148 natura
473 1109 640 1157 potentior
653 1105 785 1152 omni‘?)

47 1176 116 1200 non
135 1164 210 1199 licet
225 1173 299 1198 esse
312 1162 415 1196 viris:
444 1170 524 1194 nam
537 1158 681 1204 prodiga
697 1153 908 1200 corruptoris
951 1195 955 1197 Α

48 1213 248 1259 improbitas
262 1212 356 1256 ipsos
372 1208 474 1243 audet
490 1211 619 1241 tentare
633 1209 808 1251 parentes:
1052 1206 1103 1234 305

45 1266 136 1296 tanta
150 1260 186 1294 in
198 1257 405 1294 muneribus
419 1256 563 1291 fiducia!
592 1254 720 1291 Nullus
733 1252 908 1300 ephebum

45 1309 233 1346 deformem
247 1318 351 1342 saeva
362 1306 524 1342 castravit
539 1305 576 1340 in
589 1315 665 1339 arce
679 1309 850 1350 tyrannus
863 1312 870 1342 ;

47 1369 108 1395 nec
119 1362 369 1404 praetextatum
383 1354 498 1399 rapuit
512 1354 601 1386 Nero
614 1351 815 1395 loripedem,
831 1346 888 1383 vel

47 1413 259 1443 strumosum
266 1432 274 1447 ‚
290 1409 394 1450 atque
407 1407 504 1437 utero
511 1400 636 1446 pariter
642 1398 819 1446 gibboque
826 1399 1030 1432 tumentem.

48 1458 180 1499 Inuuc,
197 1461 230 1491 et
244 1453 381 1489 iuvenis
394 1451 507 1497 specie
520 1449 645 1484 laetare
657 1448 727 1482 tui!
756 1446 870 1490 Quem
911 1473 916 1476 .
1053 1450 1104 1477 3¹0

49 1507 176 1542 maiora
190 1507 387 1550 exspectant
399 1497 626 1536 discrimina?
649 1497 725 1532 Fiet
738 1495 872 1531 adulter

50 1554 223 1602 publicus,
238 1558 271 1589 et
284 1562 412 1600 poenas
431 1553 573 1588 metuet,
586 1556 828 1594 quascumque
841 1543 957 1580 mariti

51 1604 186 1652 exigere
198 1603 293 1647 irati3
323 1611 386 1637 nec
398 1600 461 1636 erit
474 1597 605 1634 felicior
615 1600 706 1632 astro

51 1653 182 1696 Martis,
198 1652 288 1689 utin
301 1651 444 1699 laqueos
459 1657 655 1695 numquam
668 1644 806 1681 incidat.
838 1641 959 1690 Exigit
972 1651 1035 1677 au·

582 1700 652 1731 tem

53 1749 227 1787 interdum
241 1750 305 1787 iste
321 1748 418 1786 dolor
431 1746 525 1795 plus,
542 1756 650 1794 quam
666 1743 722 1780 lex
734 1741 806 1780 ulla
819 1740 930 1777 dolori
1055 1743 1105 1771 315

823 1802 887 1837 ΗΞ,
