1406 2047
243 174 275 202 40

245 666 278 693 50

247 912 278 938 55

247 1157 280 1185 60

249 1403 282 1430 65

249 1648 283 1675 70

317 99 356 131 4³2
686 102 724 130 A.
757 101 928 130 PERSII

313 167 455 214 Iupiter,
476 166 559 202 haec
572 164 634 208 illi,
652 167 815 213 quamvis
833 173 862 203 te
876 166 987 203 albata
1001 167 1140 215 rogarit.

365 217 480 251 Poscis
493 227 593 262 opem
609 217 725 251 nervis
739 227 934 264 corpusque
948 216 1048 252 fidele
1061 215 1239 252 senectae?

315 265 409 307 Esto,
428 267 507 313 age!
524 286 572 292 —
585 266 646 301 sed
660 267 809 314 pingues
823 267 957 313 patinae
970 271 1271 312 tucetaquecrassa

316 326 468 350 annuere
482 315 537 349 his
544 315 694 362 Superos
702 322 850 359 vetuere,
862 317 1048 362 Iovemque
1055 320 1242 350 morantur.
1252 333 1300 340 -

367 365 451 398 Rern
472 369 603 398 struere
618 370 760 409 exoptas
783 375 881 399 caeso
898 364 997 405 bove,
1019 364 1300 410 Mercuriumque

270 431 276 444 ι
316 414 462 447 accersis
477 413 582 447 fibra:
612 413 665 447 Du
679 417 858 457 fortunare
866 414 1025 458 penates!

316 465 362 496 da
375 473 486 506 pecus,
503 467 535 495 et
546 464 704 506 yreqibus
718 464 841 506 fetum!
852 483 901 489 -
914 462 1002 504 Quo,
1018 461 1178 508 pessime,
1188 466 1297 507 pacto,

316 516 364 546 tot
378 511 603 556 tibiquumin
613 510 1078 546 flammasiunicumomenta
1088 509 1302 557 liquescant?

318 561 478 595 Attamen
494 560 551 594 hic
568 561 655 594 extis
670 565 702 595 et
715 562 832 606 opimo
847 561 982 595 vincere
1000 560 1085 595 serto

318 609 480 644 intendit:
498 629 547 635 —
564 610 638 644 Iam
651 614 770 645 crescit
785 622 877 654 ssyer,
895 614 964 644 iam
983 612 1103 644 crescit
1117 611 1213 649 ovile,

317 662 388 693 iam
405 661 563 693 dabitur.-
592 662 661 694 iam
675 661 762 694 iam!
775 680 824 685 —
840 659 949 694 donec
963 659 1125 704 deceptus
1139 663 1302 704 etexspes

317 707 556 753 nequidquam
572 706 680 742 fundo
695 709 845 754 suspiret
859 720 1026 743 nummus
1043 708 1078 742 in
1094 708 1176 743 imo.
1191 727 1240 733 —

366 757 401 791 Si
417 757 479 790 tibi
494 762 640 791 crateras
655 759 788 803 argenti
806 758 995 801 incusaque
1010 757 1134 802 pingui

318 816 403 840 auro
413 805 502 838 dona
517 805 635 845 feram,
654 805 771 845 sudes,
789 810 821 838 et
836 810 970 850 pectore
985 804 1082 838 laevo

317 854 471 889 excutias
485 858 612 900 guttas,
634 853 776 888 laetetur
788 853 1043 899 praetrepidum
1058 862 1136 887 cor:

316 903 399 938 hinc
414 903 500 937 illud
517 903 634 944 subiit,
651 914 736 938 auro
749 915 863 938 sacras
876 903 970 949 quod
983 907 1085 937 ovato

317 952 479 999 perducis
493 951 608 987 facies.
650 953 737 987 Nam
754 952 874 987 fratres
889 953 975 987 inter
989 961 1105 992 aenOS,

318 1003 453 1037 somnia
467 1002 591 1048 pituita
606 1002 667 1047 qui
685 1003 932 1049 purgatissima
950 1001 1105 1041 mittunt,

318 1052 493 1097 praecipui
509 1057 622 1092 sunto⁷
640 1052 755 1098 sitque
770 1052 838 1086 illis
853 1062 956 1086 aurea
968 1049 1088 1085 barba.
1106 1068 1155 1075 —

317 1102 454 1135 Aurum
472 1112 552 1136 vasa
569 1102 703 1136 Numae
717 1101 949 1146 Saturniaque
963 1098 1104 1146 impulit
1116 1108 1205 1139 aera,

318 1149 541 1195 Vestalesque
553 1161 659 1184 urnas
674 1155 706 1184 et
720 1151 873 1184 Tuscum
889 1149 990 1183 fictile
1004 1153 1127 1182 mutat.

368 1198 397 1234 Ο
411 1210 537 1233 curvae
552 1199 586 1233 in
610 1204 716 1234 terras
732 1200 879 1240 animae,
902 1203 935 1233 et
952 1196 1150 1232 coelestium
1166 1195 1304 1230 inanes!

319 1248 406 1294 quid
422 1248 600 1287 iuvatlioc.
617 1248 755 1294 templis
773 1253 907 1283 nostros
925 1246 1110 1281 immittere
1123 1255 1250 1286 mores,

321 1303 353 1332 et
367 1298 456 1332 bona
472 1298 525 1332 dis
540 1309 582 1332 ex
598 1297 662 1332 1130
680 1298 839 1332 scelerata
855 1297 979 1332 ducere
993 1294 1122 1342 pulpa?

319 1347 409 1381 Ilaec
423 1347 490 1381 sibi
503 1352 662 1392 corrupto
675 1347 804 1381 casiam
819 1345 977 1381 dissolvit
992 1345 1103 1380 olivo:

319 1395 403 1431 haec
418 1396 606 1431 Calabrum
619 1397 713 1430 coxit
725 1397 845 1430 vitiato
858 1396 990 1430 murice
1003 1393 1135 1429 vellus:

320 1445 404 1480 haec
418 1445 557 1480 baccam
571 1445 720 1480 conchae
734 1446 871 1486 rasisse,
888 1450 920 1480 et
933 1444 1101 1491 stringere
1113 1452 1221 1478 venas

321 1493 484 1529 ferventis
498 1506 632 1530 massae
645 1494 752 1530 crudo
766 1494 808 1529 de
822 1493 964 1540 pulvere
978 1492 1094 1528 iussit.

321 1544 438 1578 Peccat
451 1549 483 1578 et
497 1544 590 1585 haec,
608 1549 740 1590 peccat:
770 1545 855 1579 vitio
870 1549 982 1578 tamen
1001 1542 1119 1578 utitur.
1148 1541 1193 1576 At
1209 1550 1270 1575 vos

321 1592 434 1634 dicite,
452 1593 640 1638 pontifices,
660 1594 695 1627 in
710 1604 806 1628 sacro
820 1593 906 1640 quid
919 1592 997 1627 facit
1010 1589 1161 1626 aurum‘?

320 1642 453 1687 Nempe
466 1642 541 1682 hoc,
553 1642 771 1688 quodVeneri
780 1641 1249 1688 donataeavirginepuppae.
1259 1658 1306 1665 —

371 1690 463 1733 Quin
477 1691 602 1726 damus
620 1691 655 1725 id
669 1692 822 1736 Superis,
840 1691 1014 1737 demagna
1022 1689 1116 1736 quod
1124 1687 1308 1724 darelance

323 1751 391 1776 non
405 1741 514 1787 possit
527 1741 645 1788 magni
660 1739 825 1776 Messalae
839 1739 930 1787 lippa
945 1749 1116 1787 propago:
