<?xml version="1.0" encoding="UTF-8"?>
<!DOCTYPE html PUBLIC "-//W3C//DTD XHTML 1.0 Transitional//EN"
    "http://www.w3.org/TR/xhtml1/DTD/xhtml1-transitional.dtd">
<html xmlns="http://www.w3.org/1999/xhtml" xml:lang="en" lang="en">
 <head>
  <title>
</title>
<meta http-equiv="Content-Type" content="text/html;charset=utf-8" />
  <meta name='ocr-system' content='tesseract 3.04.00' />
  <meta name='ocr-capabilities' content='ocr_page ocr_carea ocr_par ocr_line ocrx_word'/>
</head>
<body>
  <div class='ocr_page' id='page_1' title='image "apersiiflaccietd00persuoft_0079.png"; bbox 0 0 1406 2047; ppageno 0'>
   <div class='ocr_carea' id='block_1_1' title="bbox 438 84 1066 121">
    <p class='ocr_par' dir='ltr' id='par_1_1' title="bbox 438 84 1066 121">
     <span class='ocr_line' id='line_1_1' title="bbox 438 84 1066 121; baseline 0.014 -9"><span class='ocrx_word' id='word_1_1' title='bbox 438 84 628 115; x_wconf 70' lang='lat' dir='ltr'><strong>SATIRA</strong></span> <span class='ocrx_word' id='word_1_2' title='bbox 655 86 711 116; x_wconf 83' lang='lat' dir='ltr'>VI.</span> <span class='ocrx_word' id='word_1_3' title='bbox 1023 88 1066 121; x_wconf 86' lang='grc'>67</span> 
     </span>
    </p>
   </div>
   <div class='ocr_carea' id='block_1_2' title="bbox 62 147 1139 1769">
    <p class='ocr_par' dir='ltr' id='par_1_2' title="bbox 82 147 1139 241">
     <span class='ocr_line' id='line_1_2' title="bbox 82 147 1064 196; baseline 0.01 -14"><span class='ocrx_word' id='word_1_4' title='bbox 82 147 177 191; x_wconf 87' lang='lat' dir='ltr'><strong>Quae</strong></span> <span class='ocrx_word' id='word_1_5' title='bbox 192 147 373 184; x_wconf 84' lang='lat' dir='ltr'>moechum</span> <span class='ocrx_word' id='word_1_6' title='bbox 389 150 559 196; x_wconf 87' lang='lat' dir='ltr'>sequitur,</span> <span class='ocrx_word' id='word_1_7' title='bbox 580 152 754 187; x_wconf 84' lang='lat' dir='ltr'><strong>stomacho</strong></span> <span class='ocrx_word' id='word_1_8' title='bbox 769 152 867 189; x_wconf 87' lang='lat' dir='ltr'>valet.</span> <span class='ocrx_word' id='word_1_9' title='bbox 919 154 981 191; x_wconf 87' lang='lat' dir='ltr'>Illa</span> <span class='ocrx_word' id='word_1_10' title='bbox 991 167 1064 192; x_wconf 88' lang='lat' dir='ltr'>ma-</span> 
     </span>
     <span class='ocr_line' id='line_1_3' title="bbox 719 202 1139 241; baseline 0.012 -5"><span class='ocrx_word' id='word_1_11' title='bbox 719 202 827 237; x_wconf 83' lang='lat' dir='ltr'>ritum</span> <span class='ocrx_word' id='word_1_12' title='bbox 1085 214 1139 241; x_wconf 81' lang='lat'>100</span> 
     </span>
    </p>

    <p class='ocr_par' dir='ltr' id='par_1_3' title="bbox 81 245 990 297">
     <span class='ocr_line' id='line_1_4' title="bbox 81 245 990 297; baseline 0.011 -19"><span class='ocrx_word' id='word_1_13' title='bbox 81 245 270 280; x_wconf 87' lang='lat' dir='ltr'>convomit:</span> <span class='ocrx_word' id='word_1_14' title='bbox 298 245 383 281; x_wconf 89' lang='lat' dir='ltr'>haec</span> <span class='ocrx_word' id='word_1_15' title='bbox 399 248 486 282; x_wconf 89' lang='lat' dir='ltr'>inter</span> <span class='ocrx_word' id='word_1_16' title='bbox 501 254 622 284; x_wconf 82' lang='lat' dir='ltr'>nautas</span> <span class='ocrx_word' id='word_1_17' title='bbox 636 255 668 285; x_wconf 91' lang='lat' dir='ltr'>et</span> <span class='ocrx_word' id='word_1_18' title='bbox 684 251 840 297; x_wconf 84' lang='lat' dir='ltr'>prandet,</span> <span class='ocrx_word' id='word_1_19' title='bbox 856 257 888 287; x_wconf 88' lang='lat' dir='ltr'>et</span> <span class='ocrx_word' id='word_1_20' title='bbox 901 259 990 289; x_wconf 86' lang='lat' dir='ltr'>errat</span> 
     </span>
    </p>

    <p class='ocr_par' dir='ltr' id='par_1_4' title="bbox 79 296 971 345">
     <span class='ocr_line' id='line_1_5' title="bbox 79 296 971 345; baseline 0.011 -17"><span class='ocrx_word' id='word_1_21' title='bbox 79 306 140 340; x_wconf 86' lang='lat' dir='ltr'>per</span> <span class='ocrx_word' id='word_1_22' title='bbox 151 305 318 340; x_wconf 82' lang='lat' dir='ltr'>puppem,</span> <span class='ocrx_word' id='word_1_23' title='bbox 335 301 367 330; x_wconf 91' lang='lat' dir='ltr'>et</span> <span class='ocrx_word' id='word_1_24' title='bbox 382 296 487 334; x_wconf 85' lang='lat' dir='ltr'>duros</span> <span class='ocrx_word' id='word_1_25' title='bbox 500 299 627 345; x_wconf 86' lang='lat' dir='ltr'>gaudet</span> <span class='ocrx_word' id='word_1_26' title='bbox 640 305 781 336; x_wconf 88' lang='lat' dir='ltr'>tractare</span> <span class='ocrx_word' id='word_1_27' title='bbox 795 301 971 338; x_wconf 85' lang='lat' dir='ltr'>rudentes.</span> 
     </span>
    </p>

    <p class='ocr_par' dir='ltr' id='par_1_5' title="bbox 79 343 989 395">
     <span class='ocr_line' id='line_1_6' title="bbox 79 343 989 395; baseline 0.012 -19"><span class='ocrx_word' id='word_1_28' title='bbox 79 343 152 386; x_wconf 86' lang='lat' dir='ltr'>Qua</span> <span class='ocrx_word' id='word_1_29' title='bbox 171 349 284 378; x_wconf 90' lang='lat' dir='ltr'>tamen</span> <span class='ocrx_word' id='word_1_30' title='bbox 299 347 428 380; x_wconf 82' lang='lat' dir='ltr'>exarsit</span> <span class='ocrx_word' id='word_1_31' title='bbox 446 346 567 390; x_wconf 81' lang='lat' dir='ltr'>forma,</span> <span class='ocrx_word' id='word_1_32' title='bbox 584 360 653 394; x_wconf 88' lang='lat' dir='ltr'>qua</span> <span class='ocrx_word' id='word_1_33' title='bbox 665 355 762 395; x_wconf 87' lang='lat' dir='ltr'>capta</span> <span class='ocrx_word' id='word_1_34' title='bbox 780 351 920 386; x_wconf 87' lang='lat' dir='ltr'>iuventa</span> <span class='ocrx_word' id='word_1_35' title='bbox 937 357 989 388; x_wconf 86' lang='lat' dir='ltr'>est</span> 
     </span>
    </p>

    <p class='ocr_par' dir='ltr' id='par_1_6' title="bbox 78 392 932 444">
     <span class='ocr_line' id='line_1_7' title="bbox 78 392 932 444; baseline 0.012 -19"><span class='ocrx_word' id='word_1_36' title='bbox 78 392 226 437; x_wconf 71' lang='lat' dir='ltr'>Hippia?</span> <span class='ocrx_word' id='word_1_37' title='bbox 252 394 340 439; x_wconf 90' lang='lat' dir='ltr'>quid</span> <span class='ocrx_word' id='word_1_38' title='bbox 355 396 453 437; x_wconf 80' lang='lat' dir='ltr'>vidit,</span> <span class='ocrx_word' id='word_1_39' title='bbox 474 403 613 443; x_wconf 86' lang='lat' dir='ltr'>propter</span> <span class='ocrx_word' id='word_1_40' title='bbox 626 398 721 444; x_wconf 92' lang='lat' dir='ltr'>quod</span> <span class='ocrx_word' id='word_1_41' title='bbox 738 399 849 434; x_wconf 88' lang='lat' dir='ltr'>Ludia</span> <span class='ocrx_word' id='word_1_42' title='bbox 863 399 932 435; x_wconf 89' lang='lat' dir='ltr'>dici</span> 
     </span>
    </p>

    <p class='ocr_par' dir='ltr' id='par_1_7' title="bbox 77 442 1133 495">
     <span class='ocr_line' id='line_1_8' title="bbox 77 442 1133 495; baseline 0.011 -21"><span class='ocrx_word' id='word_1_43' title='bbox 77 442 270 476; x_wconf 80' lang='lat' dir='ltr'>sustinuit?</span> <span class='ocrx_word' id='word_1_44' title='bbox 296 444 384 477; x_wconf 85' lang='lat' dir='ltr'>Nam</span> <span class='ocrx_word' id='word_1_45' title='bbox 400 445 576 490; x_wconf 78' lang='lat' dir='ltr'>Sergiolus</span> <span class='ocrx_word' id='word_1_46' title='bbox 591 447 660 480; x_wconf 90' lang='lat' dir='ltr'>iam</span> <span class='ocrx_word' id='word_1_47' title='bbox 674 447 791 482; x_wconf 84' lang='lat' dir='ltr'>radere</span> <span class='ocrx_word' id='word_1_48' title='bbox 803 454 925 495; x_wconf 86' lang='lat' dir='ltr'>guttur</span> <span class='ocrx_word' id='word_1_49' title='bbox 1082 458 1133 486; x_wconf 87' lang='grc'>105</span> 
     </span>
    </p>

    <p class='ocr_par' dir='ltr' id='par_1_8' title="bbox 75 494 865 539">
     <span class='ocr_line' id='line_1_9' title="bbox 75 494 865 539; baseline 0.01 -15"><span class='ocrx_word' id='word_1_50' title='bbox 75 496 240 536; x_wconf 87' lang='lat' dir='ltr'>coeperat,</span> <span class='ocrx_word' id='word_1_51' title='bbox 258 496 290 526; x_wconf 85' lang='lat' dir='ltr'>et</span> <span class='ocrx_word' id='word_1_52' title='bbox 304 498 393 527; x_wconf 87' lang='lat' dir='ltr'>secto</span> <span class='ocrx_word' id='word_1_53' title='bbox 408 494 563 538; x_wconf 88' lang='lat' dir='ltr'>requiem</span> <span class='ocrx_word' id='word_1_54' title='bbox 579 506 716 539; x_wconf 89' lang='lat' dir='ltr'>sperare</span> <span class='ocrx_word' id='word_1_55' title='bbox 729 495 865 532; x_wconf 78' lang='lat' dir='ltr'>lacerto.</span> 
     </span>
    </p>

    <p class='ocr_par' dir='ltr' id='par_1_9' title="bbox 75 539 822 585">
     <span class='ocr_line' id='line_1_10' title="bbox 75 539 822 585; baseline 0.009 -12"><span class='ocrx_word' id='word_1_56' title='bbox 75 539 247 575; x_wconf 84' lang='lat' dir='ltr'>Praeterea</span> <span class='ocrx_word' id='word_1_57' title='bbox 267 541 375 576; x_wconf 86' lang='lat' dir='ltr'>multa</span> <span class='ocrx_word' id='word_1_58' title='bbox 391 542 425 576; x_wconf 91' lang='lat' dir='ltr'>in</span> <span class='ocrx_word' id='word_1_59' title='bbox 440 542 524 577; x_wconf 79' lang='lat' dir='ltr'>facie</span> <span class='ocrx_word' id='word_1_60' title='bbox 537 542 715 585; x_wconf 83' lang='lat' dir='ltr'>deformia,</span> <span class='ocrx_word' id='word_1_61' title='bbox 731 546 822 580; x_wconf 89' lang='lat' dir='ltr'>sicut</span> 
     </span>
    </p>

    <p class='ocr_par' dir='ltr' id='par_1_10' title="bbox 75 588 886 642">
     <span class='ocr_line' id='line_1_11' title="bbox 75 588 886 642; baseline 0.01 -20"><span class='ocrx_word' id='word_1_62' title='bbox 75 588 221 623; x_wconf 81' lang='lat' dir='ltr'>adtritus</span> <span class='ocrx_word' id='word_1_63' title='bbox 234 590 330 636; x_wconf 82' lang='lat' dir='ltr'>galea</span> <span class='ocrx_word' id='word_1_64' title='bbox 344 590 538 637; x_wconf 82' lang='lat' dir='ltr'>mediisque</span> <span class='ocrx_word' id='word_1_65' title='bbox 553 592 588 626; x_wconf 93' lang='lat' dir='ltr'>in</span> <span class='ocrx_word' id='word_1_66' title='bbox 604 593 747 628; x_wconf 86' lang='lat' dir='ltr'>naribus</span> <span class='ocrx_word' id='word_1_67' title='bbox 762 594 886 642; x_wconf 89' lang='lat' dir='ltr'>ingens</span> 
     </span>
    </p>

    <p class='ocr_par' dir='ltr' id='par_1_11' title="bbox 73 638 948 686">
     <span class='ocr_line' id='line_1_12' title="bbox 73 638 948 686; baseline 0.01 -15"><span class='ocrx_word' id='word_1_68' title='bbox 73 638 215 684; x_wconf 78' lang='lat' dir='ltr'>gibbus,</span> <span class='ocrx_word' id='word_1_69' title='bbox 232 644 264 673; x_wconf 85' lang='lat' dir='ltr'>et</span> <span class='ocrx_word' id='word_1_70' title='bbox 278 650 353 674; x_wconf 89' lang='lat' dir='ltr'>acre</span> <span class='ocrx_word' id='word_1_71' title='bbox 367 639 499 674; x_wconf 91' lang='lat' dir='ltr'>malum</span> <span class='ocrx_word' id='word_1_72' title='bbox 514 652 650 686; x_wconf 84' lang='lat' dir='ltr'>semper</span> <span class='ocrx_word' id='word_1_73' title='bbox 662 642 825 678; x_wconf 88' lang='lat' dir='ltr'>stillantis</span> <span class='ocrx_word' id='word_1_74' title='bbox 839 643 948 680; x_wconf 86' lang='lat' dir='ltr'>ocelli.</span> 
     </span>
    </p>

    <p class='ocr_par' dir='ltr' id='par_1_12' title="bbox 75 687 1132 739">
     <span class='ocr_line' id='line_1_13' title="bbox 75 687 1132 739; baseline 0.009 -18"><span class='ocrx_word' id='word_1_75' title='bbox 75 687 141 722; x_wconf 88' lang='lat' dir='ltr'>Sed</span> <span class='ocrx_word' id='word_1_76' title='bbox 154 687 322 734; x_wconf 81' lang='lat' dir='ltr'>gladiator</span> <span class='ocrx_word' id='word_1_77' title='bbox 335 699 423 723; x_wconf 88' lang='lat' dir='ltr'>erat:</span> <span class='ocrx_word' id='word_1_78' title='bbox 452 688 531 724; x_wconf 86' lang='lat' dir='ltr'>facit</span> <span class='ocrx_word' id='word_1_79' title='bbox 544 690 609 725; x_wconf 82' lang='lat' dir='ltr'>hoc</span> <span class='ocrx_word' id='word_1_80' title='bbox 625 690 702 726; x_wconf 89' lang='lat' dir='ltr'>illos</span> <span class='ocrx_word' id='word_1_81' title='bbox 717 693 946 739; x_wconf 89' lang='lat' dir='ltr'>Hyacinthos;</span> <span class='ocrx_word' id='word_1_82' title='bbox 1081 704 1132 731; x_wconf 89' lang='grc'>110</span> 
     </span>
    </p>

    <p class='ocr_par' dir='ltr' id='par_1_13' title="bbox 77 735 947 785">
     <span class='ocr_line' id='line_1_14' title="bbox 77 735 947 785; baseline 0.009 -15"><span class='ocrx_word' id='word_1_83' title='bbox 77 735 140 780; x_wconf 88' lang='lat' dir='ltr'>hoc</span> <span class='ocrx_word' id='word_1_84' title='bbox 153 738 270 781; x_wconf 90' lang='lat' dir='ltr'>pueris</span> <span class='ocrx_word' id='word_1_85' title='bbox 285 738 494 784; x_wconf 81' lang='lat' dir='ltr'>patriaeque,</span> <span class='ocrx_word' id='word_1_86' title='bbox 511 739 575 773; x_wconf 88' lang='lat' dir='ltr'>hoc</span> <span class='ocrx_word' id='word_1_87' title='bbox 587 740 749 785; x_wconf 84' lang='lat' dir='ltr'>praetulit</span> <span class='ocrx_word' id='word_1_88' title='bbox 762 741 821 776; x_wconf 90' lang='lat' dir='ltr'>illa</span> <span class='ocrx_word' id='word_1_89' title='bbox 839 744 947 778; x_wconf 91' lang='lat' dir='ltr'>sorori</span> 
     </span>
    </p>

    <p class='ocr_par' dir='ltr' id='par_1_14' title="bbox 76 785 1070 839">
     <span class='ocr_line' id='line_1_15' title="bbox 76 785 1070 839; baseline 0.012 -22"><span class='ocrx_word' id='word_1_90' title='bbox 76 790 178 829; x_wconf 87' lang='lat' dir='ltr'>atque</span> <span class='ocrx_word' id='word_1_91' title='bbox 188 785 271 819; x_wconf 88' lang='lat' dir='ltr'>viro.</span> <span class='ocrx_word' id='word_1_92' title='bbox 288 786 431 820; x_wconf 86' lang='lat' dir='ltr'>Ferrum</span> <span class='ocrx_word' id='word_1_93' title='bbox 441 792 502 827; x_wconf 84' lang='lat' dir='ltr'>est,</span> <span class='ocrx_word' id='word_1_94' title='bbox 514 789 741 832; x_wconf 87' lang='lat' dir='ltr'>quodamant.</span> <span class='ocrx_word' id='word_1_95' title='bbox 757 790 1070 839; x_wconf 84' lang='lat' dir='ltr'>HicSergiusidem</span> 
     </span>
    </p>

    <p class='ocr_par' dir='ltr' id='par_1_15' title="bbox 76 833 777 879">
     <span class='ocr_line' id='line_1_16' title="bbox 76 833 777 879; baseline 0.009 -13"><span class='ocrx_word' id='word_1_96' title='bbox 76 838 210 878; x_wconf 84' lang='lat' dir='ltr'>accepta</span> <span class='ocrx_word' id='word_1_97' title='bbox 226 833 310 867; x_wconf 91' lang='lat' dir='ltr'>rude</span> <span class='ocrx_word' id='word_1_98' title='bbox 323 835 488 879; x_wconf 87' lang='lat' dir='ltr'>coepisset</span> <span class='ocrx_word' id='word_1_99' title='bbox 502 835 643 871; x_wconf 72' lang='lat' dir='ltr'>Veiento</span> <span class='ocrx_word' id='word_1_100' title='bbox 655 837 777 872; x_wconf 84' lang='lat' dir='ltr'>videri.</span> 
     </span>
    </p>

    <p class='ocr_par' dir='ltr' id='par_1_16' title="bbox 65 882 1128 1516">
     <span class='ocr_line' id='line_1_17' title="bbox 123 882 1040 934; baseline 0.01 -19"><span class='ocrx_word' id='word_1_101' title='bbox 123 882 215 924; x_wconf 87' lang='lat' dir='ltr'>Quid</span> <span class='ocrx_word' id='word_1_102' title='bbox 233 883 364 928; x_wconf 82' lang='lat' dir='ltr'>privata</span> <span class='ocrx_word' id='word_1_103' title='bbox 379 883 514 925; x_wconf 86' lang='lat' dir='ltr'>domus,</span> <span class='ocrx_word' id='word_1_104' title='bbox 533 885 618 931; x_wconf 90' lang='lat' dir='ltr'>quid</span> <span class='ocrx_word' id='word_1_105' title='bbox 634 885 747 921; x_wconf 85' lang='lat' dir='ltr'>fecerit</span> <span class='ocrx_word' id='word_1_106' title='bbox 762 887 898 934; x_wconf 88' lang='lat' dir='ltr'>Hippia,</span> <span class='ocrx_word' id='word_1_107' title='bbox 914 890 1040 926; x_wconf 80' lang='lat' dir='ltr'>curas?</span> 
     </span>
     <span class='ocr_line' id='line_1_18' title="bbox 75 931 1128 977; baseline 0.012 -13"><span class='ocrx_word' id='word_1_108' title='bbox 75 931 216 976; x_wconf 82' lang='lat' dir='ltr'>Respice</span> <span class='ocrx_word' id='word_1_109' title='bbox 231 931 355 967; x_wconf 86' lang='lat' dir='ltr'>rivales</span> <span class='ocrx_word' id='word_1_110' title='bbox 369 933 553 977; x_wconf 80' lang='lat' dir='ltr'>Divorum3</span> <span class='ocrx_word' id='word_1_111' title='bbox 583 934 749 970; x_wconf 88' lang='lat' dir='ltr'>Claudius</span> <span class='ocrx_word' id='word_1_112' title='bbox 763 937 845 972; x_wconf 87' lang='lat' dir='ltr'>audi</span> <span class='ocrx_word' id='word_1_113' title='bbox 1076 948 1128 977; x_wconf 87' lang='lat'>115</span> 
     </span>
     <span class='ocr_line' id='line_1_19' title="bbox 73 980 1037 1031; baseline 0.012 -18"><span class='ocrx_word' id='word_1_114' title='bbox 73 990 163 1026; x_wconf 87' lang='lat' dir='ltr'>quae</span> <span class='ocrx_word' id='word_1_115' title='bbox 178 980 305 1015; x_wconf 87' lang='lat' dir='ltr'>tulerit.</span> <span class='ocrx_word' id='word_1_116' title='bbox 345 982 500 1017; x_wconf 87' lang='lat' dir='ltr'>Dormire</span> <span class='ocrx_word' id='word_1_117' title='bbox 513 983 630 1018; x_wconf 90' lang='lat' dir='ltr'>virum</span> <span class='ocrx_word' id='word_1_118' title='bbox 644 995 756 1030; x_wconf 90' lang='lat' dir='ltr'>quum</span> <span class='ocrx_word' id='word_1_119' title='bbox 771 992 924 1023; x_wconf 78' lang='lat' dir='ltr'>senserat</span> <span class='ocrx_word' id='word_1_120' title='bbox 937 999 1037 1031; x_wconf 86' lang='lat' dir='ltr'>uxor,</span> 
     </span>
     <span class='ocr_line' id='line_1_20' title="bbox 72 1029 797 1078; baseline 0.008 -15"><span class='ocrx_word' id='word_1_121' title='bbox 72 1040 155 1064; x_wconf 86' lang='lat' dir='ltr'>ausa</span> <span class='ocrx_word' id='word_1_122' title='bbox 170 1029 322 1065; x_wconf 87' lang='lat' dir='ltr'>Palatino</span> <span class='ocrx_word' id='word_1_123' title='bbox 339 1036 482 1078; x_wconf 83' lang='lat' dir='ltr'>tegetem</span> <span class='ocrx_word' id='word_1_124' title='bbox 496 1032 665 1078; x_wconf 86' lang='lat' dir='ltr'>praeferre</span> <span class='ocrx_word' id='word_1_125' title='bbox 677 1034 797 1077; x_wconf 84' lang='lat' dir='ltr'>cubili,</span> 
     </span>
     <span class='ocr_line' id='line_1_21' title="bbox 71 1082 932 1130; baseline 0.01 -18"><span class='ocrx_word' id='word_1_126' title='bbox 71 1089 209 1113; x_wconf 91' lang='lat' dir='ltr'>sumere</span> <span class='ocrx_word' id='word_1_127' title='bbox 224 1085 407 1115; x_wconf 87' lang='lat' dir='ltr'>nocturnos</span> <span class='ocrx_word' id='word_1_128' title='bbox 422 1083 584 1117; x_wconf 80' lang='lat' dir='ltr'>meretrix</span> <span class='ocrx_word' id='word_1_129' title='bbox 597 1082 754 1130; x_wconf 87' lang='lat' dir='ltr'>Augusta</span> <span class='ocrx_word' id='word_1_130' title='bbox 766 1084 932 1127; x_wconf 84' lang='lat' dir='ltr'>cucullos,</span> 
     </span>
     <span class='ocr_line' id='line_1_22' title="bbox 72 1127 868 1178; baseline 0.01 -17"><span class='ocrx_word' id='word_1_131' title='bbox 72 1127 251 1173; x_wconf 86' lang='lat' dir='ltr'>linquebat</span> <span class='ocrx_word' id='word_1_132' title='bbox 263 1130 386 1164; x_wconf 86' lang='lat' dir='ltr'>comite</span> <span class='ocrx_word' id='word_1_133' title='bbox 403 1130 525 1165; x_wconf 87' lang='lat' dir='ltr'>ancilla</span> <span class='ocrx_word' id='word_1_134' title='bbox 540 1142 608 1166; x_wconf 90' lang='lat' dir='ltr'>non</span> <span class='ocrx_word' id='word_1_135' title='bbox 623 1133 773 1178; x_wconf 87' lang='lat' dir='ltr'>amplius</span> <span class='ocrx_word' id='word_1_136' title='bbox 786 1145 868 1176; x_wconf 89' lang='lat' dir='ltr'>una,</span> 
     </span>
     <span class='ocr_line' id='line_1_23' title="bbox 70 1177 1125 1229; baseline 0.011 -19"><span class='ocrx_word' id='word_1_137' title='bbox 70 1182 102 1211; x_wconf 88' lang='lat' dir='ltr'>et</span> <span class='ocrx_word' id='word_1_138' title='bbox 116 1177 256 1224; x_wconf 88' lang='lat' dir='ltr'>nigrum</span> <span class='ocrx_word' id='word_1_139' title='bbox 271 1177 359 1212; x_wconf 86' lang='lat' dir='ltr'>flavo</span> <span class='ocrx_word' id='word_1_140' title='bbox 371 1179 503 1213; x_wconf 87' lang='lat' dir='ltr'>crinem</span> <span class='ocrx_word' id='word_1_141' title='bbox 517 1179 746 1216; x_wconf 88' lang='lat' dir='ltr'>abscondente</span> <span class='ocrx_word' id='word_1_142' title='bbox 758 1182 885 1229; x_wconf 85' lang='lat' dir='ltr'>galero,</span> <span class='ocrx_word' id='word_1_143' title='bbox 1074 1193 1125 1222; x_wconf 86' lang='lat'>120</span> 
     </span>
     <span class='ocr_line' id='line_1_24' title="bbox 70 1224 809 1276; baseline 0.011 -17"><span class='ocrx_word' id='word_1_144' title='bbox 70 1226 209 1260; x_wconf 87' lang='lat' dir='ltr'>intravit</span> <span class='ocrx_word' id='word_1_145' title='bbox 221 1224 373 1260; x_wconf 86' lang='lat' dir='ltr'>calidum</span> <span class='ocrx_word' id='word_1_146' title='bbox 389 1227 493 1261; x_wconf 87' lang='lat' dir='ltr'>veteri</span> <span class='ocrx_word' id='word_1_147' title='bbox 507 1234 648 1273; x_wconf 73' lang='lat' dir='ltr'>centone</span> <span class='ocrx_word' id='word_1_148' title='bbox 662 1229 809 1276; x_wconf 88' lang='lat' dir='ltr'>lupanar</span> 
     </span>
     <span class='ocr_line' id='line_1_25' title="bbox 68 1272 1050 1328; baseline 0.011 -20"><span class='ocrx_word' id='word_1_149' title='bbox 68 1278 101 1309; x_wconf 86' lang='lat' dir='ltr'>et</span> <span class='ocrx_word' id='word_1_150' title='bbox 112 1272 234 1308; x_wconf 84' lang='lat' dir='ltr'>cellam</span> <span class='ocrx_word' id='word_1_151' title='bbox 250 1285 396 1309; x_wconf 89' lang='lat' dir='ltr'>vacuam</span> <span class='ocrx_word' id='word_1_152' title='bbox 412 1281 515 1322; x_wconf 88' lang='lat' dir='ltr'>atque</span> <span class='ocrx_word' id='word_1_153' title='bbox 528 1289 643 1313; x_wconf 89' lang='lat' dir='ltr'>suam.</span> <span class='ocrx_word' id='word_1_154' title='bbox 685 1280 782 1316; x_wconf 90' lang='lat' dir='ltr'>Tunc</span> <span class='ocrx_word' id='word_1_155' title='bbox 799 1281 894 1317; x_wconf 87' lang='lat' dir='ltr'>nuda</span> <span class='ocrx_word' id='word_1_156' title='bbox 910 1281 1050 1328; x_wconf 88' lang='lat' dir='ltr'>papillis</span> 
     </span>
     <span class='ocr_line' id='line_1_26' title="bbox 65 1323 871 1376; baseline 0.009 -18"><span class='ocrx_word' id='word_1_157' title='bbox 65 1323 217 1358; x_wconf 85' lang='lat' dir='ltr'>constitit</span> <span class='ocrx_word' id='word_1_158' title='bbox 229 1324 370 1365; x_wconf 79' lang='lat' dir='ltr'>auratis,</span> <span class='ocrx_word' id='word_1_159' title='bbox 386 1325 527 1360; x_wconf 87' lang='lat' dir='ltr'>titulum</span> <span class='ocrx_word' id='word_1_160' title='bbox 541 1329 682 1363; x_wconf 87' lang='lat' dir='ltr'>mentita</span> <span class='ocrx_word' id='word_1_161' title='bbox 696 1329 871 1376; x_wconf 75' lang='lat' dir='ltr'>Lyciscae,</span> 
     </span>
     <span class='ocr_line' id='line_1_27' title="bbox 65 1371 999 1420; baseline 0.012 -15"><span class='ocrx_word' id='word_1_162' title='bbox 65 1371 285 1417; x_wconf 87' lang='lat' dir='ltr'>ostenditque</span> <span class='ocrx_word' id='word_1_163' title='bbox 302 1377 415 1414; x_wconf 85' lang='lat' dir='ltr'>tuum,</span> <span class='ocrx_word' id='word_1_164' title='bbox 432 1385 596 1420; x_wconf 84' lang='lat' dir='ltr'>generose</span> <span class='ocrx_word' id='word_1_165' title='bbox 609 1377 814 1419; x_wconf 88' lang='lat' dir='ltr'>Britannice,</span> <span class='ocrx_word' id='word_1_166' title='bbox 834 1385 999 1416; x_wconf 85' lang='lat' dir='ltr'>ventrem.</span> 
     </span>
     <span class='ocr_line' id='line_1_28' title="bbox 65 1420 1121 1473; baseline 0.011 -19"><span class='ocrx_word' id='word_1_167' title='bbox 65 1421 209 1467; x_wconf 84' lang='lat' dir='ltr'>Excepit</span> <span class='ocrx_word' id='word_1_168' title='bbox 221 1420 349 1456; x_wconf 85' lang='lat' dir='ltr'>blanda</span> <span class='ocrx_word' id='word_1_169' title='bbox 363 1423 540 1465; x_wconf 78' lang='lat' dir='ltr'>intrantes,</span> <span class='ocrx_word' id='word_1_170' title='bbox 559 1428 662 1470; x_wconf 89' lang='lat' dir='ltr'>atque</span> <span class='ocrx_word' id='word_1_171' title='bbox 676 1436 752 1460; x_wconf 90' lang='lat' dir='ltr'>aera</span> <span class='ocrx_word' id='word_1_172' title='bbox 765 1429 932 1473; x_wconf 86' lang='lat' dir='ltr'>poposcit,</span> <span class='ocrx_word' id='word_1_173' title='bbox 1069 1438 1121 1466; x_wconf 82' lang='lat'>125</span> 
     </span>
     <span class='ocr_line' id='line_1_29' title="bbox 65 1470 917 1516; baseline 0.009 -12"><span class='ocrx_word' id='word_1_174' title='bbox 65 1475 98 1505; x_wconf 91' lang='lat' dir='ltr'>et</span> <span class='ocrx_word' id='word_1_175' title='bbox 111 1470 274 1516; x_wconf 90' lang='lat' dir='ltr'>resupina</span> <span class='ocrx_word' id='word_1_176' title='bbox 289 1470 402 1506; x_wconf 86' lang='lat' dir='ltr'>iacens</span> <span class='ocrx_word' id='word_1_177' title='bbox 420 1471 610 1507; x_wconf 91' lang='lat' dir='ltr'>multorum</span> <span class='ocrx_word' id='word_1_178' title='bbox 624 1474 803 1510; x_wconf 88' lang='lat' dir='ltr'>absorbuit</span> <span class='ocrx_word' id='word_1_179' title='bbox 816 1477 917 1512; x_wconf 87' lang='lat' dir='ltr'>ictus.</span> 
     </span>
    </p>

    <p class='ocr_par' dir='ltr' id='par_1_17' title="bbox 65 1519 839 1569">
     <span class='ocr_line' id='line_1_30' title="bbox 65 1519 839 1569; baseline 0.006 -15"><span class='ocrx_word' id='word_1_180' title='bbox 65 1519 158 1560; x_wconf 83' lang='lat' dir='ltr'>Mox,</span> <span class='ocrx_word' id='word_1_181' title='bbox 174 1519 297 1555; x_wconf 90' lang='lat' dir='ltr'>lenone</span> <span class='ocrx_word' id='word_1_182' title='bbox 310 1531 391 1555; x_wconf 90' lang='lat' dir='ltr'>suas</span> <span class='ocrx_word' id='word_1_183' title='bbox 410 1521 478 1555; x_wconf 87' lang='lat' dir='ltr'>iam</span> <span class='ocrx_word' id='word_1_184' title='bbox 491 1520 682 1558; x_wconf 83' lang='lat' dir='ltr'>dimittente</span> <span class='ocrx_word' id='word_1_185' title='bbox 693 1524 839 1569; x_wconf 83' lang='lat' dir='ltr'>puellas,</span> 
     </span>
    </p>

    <p class='ocr_par' dir='ltr' id='par_1_18' title="bbox 64 1569 1025 1670">
     <span class='ocr_line' id='line_1_31' title="bbox 65 1569 1025 1616; baseline 0.011 -14"><span class='ocrx_word' id='word_1_186' title='bbox 65 1569 173 1603; x_wconf 87' lang='lat' dir='ltr'>tristis</span> <span class='ocrx_word' id='word_1_187' title='bbox 186 1569 276 1613; x_wconf 80' lang='lat' dir='ltr'>abit3</span> <span class='ocrx_word' id='word_1_188' title='bbox 306 1569 378 1611; x_wconf 84' lang='lat' dir='ltr'>sed,</span> <span class='ocrx_word' id='word_1_189' title='bbox 396 1571 490 1616; x_wconf 91' lang='lat' dir='ltr'>quod</span> <span class='ocrx_word' id='word_1_190' title='bbox 503 1572 625 1616; x_wconf 87' lang='lat' dir='ltr'>potuit,</span> <span class='ocrx_word' id='word_1_191' title='bbox 643 1577 757 1608; x_wconf 91' lang='lat' dir='ltr'>tamen</span> <span class='ocrx_word' id='word_1_192' title='bbox 769 1574 891 1610; x_wconf 88' lang='lat' dir='ltr'>ultima</span> <span class='ocrx_word' id='word_1_193' title='bbox 903 1576 1025 1612; x_wconf 88' lang='lat' dir='ltr'>cellam</span> 
     </span>
     <span class='ocr_line' id='line_1_32' title="bbox 64 1616 938 1670; baseline 0.011 -18"><span class='ocrx_word' id='word_1_194' title='bbox 64 1616 199 1659; x_wconf 85' lang='lat' dir='ltr'>clausit,</span> <span class='ocrx_word' id='word_1_195' title='bbox 218 1618 332 1654; x_wconf 83' lang='lat' dir='ltr'>adhuc</span> <span class='ocrx_word' id='word_1_196' title='bbox 345 1619 467 1654; x_wconf 80' lang='lat' dir='ltr'>ardens</span> <span class='ocrx_word' id='word_1_197' title='bbox 480 1620 610 1667; x_wconf 84' lang='lat' dir='ltr'>rigidae</span> <span class='ocrx_word' id='word_1_198' title='bbox 623 1623 788 1670; x_wconf 87' lang='lat' dir='ltr'>tentigine</span> <span class='ocrx_word' id='word_1_199' title='bbox 799 1624 938 1667; x_wconf 82' lang='lat' dir='ltr'>vulvae,</span> 
     </span>
    </p>

    <p class='ocr_par' dir='ltr' id='par_1_19' title="bbox 62 1667 1117 1769">
     <span class='ocr_line' id='line_1_33' title="bbox 62 1667 1117 1718; baseline 0.009 -17"><span class='ocrx_word' id='word_1_200' title='bbox 62 1671 97 1701; x_wconf 80' lang='lat' dir='ltr'>et</span> <span class='ocrx_word' id='word_1_201' title='bbox 109 1667 233 1703; x_wconf 86' lang='lat' dir='ltr'>lassata</span> <span class='ocrx_word' id='word_1_202' title='bbox 246 1668 331 1703; x_wconf 90' lang='lat' dir='ltr'>viris</span> <span class='ocrx_word' id='word_1_203' title='bbox 346 1669 493 1705; x_wconf 81' lang='lat' dir='ltr'>necdum</span> <span class='ocrx_word' id='word_1_204' title='bbox 508 1671 628 1705; x_wconf 85' lang='lat' dir='ltr'>satiata</span> <span class='ocrx_word' id='word_1_205' title='bbox 640 1673 777 1708; x_wconf 86' lang='lat' dir='ltr'>recessit</span> <span class='ocrx_word' id='word_1_206' title='bbox 790 1687 800 1718; x_wconf 69' lang='lat'><em>3</em></span> <span class='ocrx_word' id='word_1_207' title='bbox 1066 1684 1117 1711; x_wconf 84' lang='grc'>130</span> 
     </span>
     <span class='ocr_line' id='line_1_34' title="bbox 64 1715 892 1769; baseline 0.011 -18"><span class='ocrx_word' id='word_1_208' title='bbox 64 1715 291 1765; x_wconf 85' lang='lat' dir='ltr'>obscurisque</span> <span class='ocrx_word' id='word_1_209' title='bbox 302 1719 402 1768; x_wconf 83' lang='lat' dir='ltr'>genis</span> <span class='ocrx_word' id='word_1_210' title='bbox 415 1720 538 1768; x_wconf 86' lang='lat' dir='ltr'>turpis,</span> <span class='ocrx_word' id='word_1_211' title='bbox 554 1719 720 1769; x_wconf 87' lang='lat' dir='ltr'>fumoque</span> <span class='ocrx_word' id='word_1_212' title='bbox 733 1721 892 1760; x_wconf 83' lang='lat' dir='ltr'>lucernae</span> 
     </span>
    </p>
   </div>
   <div class='ocr_carea' id='block_1_3' title="bbox 833 1785 897 1821">
    <p class='ocr_par' dir='ltr' id='par_1_20' title="bbox 833 1785 897 1821">
     <span class='ocr_line' id='line_1_35' title="bbox 833 1785 897 1821; baseline 0.016 -1"><span class='ocrx_word' id='word_1_213' title='bbox 833 1785 897 1821; x_wconf 68' lang='grc' dir='ltr'>ΕΞ.</span> 
     </span>
    </p>
   </div>
  </div>
 </body>
</html>
