1406 2047
427 122 615 151 SATIRA
640 122 698 151 111.
1013 121 1053 154 49

71 201 179 236 quam
193 188 275 224 satis
292 192 354 230 est,
371 187 546 223 interdum
561 187 671 224 aliena
686 188 838 224 sumitur
855 199 942 224 arca.

71 240 265 275 Commune
278 237 312 272 id
331 238 457 273 vitium
472 243 535 273 est.
580 239 640 273 Hic
653 238 807 273 vivimus
823 239 1005 274 ambitiosa

69 292 269 335 paupertate
285 299 419 323 omnes.
461 287 553 330 Quid
568 293 600 323 te
614 287 751 323 moror‘?
777 287 904 323 Omnia
917 289 1046 324 Romae

69 348 149 372 cum
164 337 284 383 pretio.
314 336 407 380 Quid
423 336 496 379 das,
508 338 700 373 utCossum
710 337 897 384 aliquando
905 337 1057 374 salutes‘?

68 391 107 422 ut
119 391 151 421 te
163 386 322 432 respiciat
335 387 452 422 clauso
467 387 607 422 Veiento
622 386 769 422 labello?
1080 394 1130 422 185

68 435 129 471 Ille
142 436 239 471 metit
252 436 409 479 barbam,
425 437 555 472 crinem
569 437 626 471 hic
638 437 777 482 deponit
791 437 914 472 amati:

67 484 170 531 plena
183 485 309 521 domus
325 486 405 521 libis
418 486 615 521 venalibus.
654 486 790 532 Accipe,
807 491 839 521 et
853 485 942 521 illud

68 534 276 570 fermentum
290 536 354 570 tibi
372 535 477 570 habe:
506 540 680 581 praestaro
693 536 821 570 tributa
835 534 975 571 clientes

69 585 238 631 cogimur,
260 589 291 619 et
305 584 408 619 cultis
421 596 546 632 augere
560 584 694 630 peculia
708 585 832 620 servis.

118 633 206 676 Quis
219 634 317 669 timet
331 639 390 669 aut
407 634 524 668 timuit
537 634 651 681 gelida
665 635 846 669 Praeneste
859 635 1012 676 ruinam⁷
1081 641 1132 669 190

69 687 128 718 aut
140 683 262 729 positis
276 694 457 719 nemorosa
470 684 559 718 inter
573 684 654 731 iuga
670 683 847 726 Volsiniis,
865 689 924 719 aut

70 732 291 778 simplicibus
305 733 438 774 Gabiis,
455 738 515 768 aut
528 734 630 778 proni
645 733 785 768 Tiburis
798 733 898 769 arce?

70 781 141 815 Nos
155 781 278 815 urbem
292 781 440 815 colimus
453 783 548 815 tenui
563 782 703 816 tibicine
715 781 837 816 fultam

72 840 198 875 magna
213 834 308 875 parte
322 830 390 863 sui.
430 830 519 863 Nam
535 830 584 864 sic
597 829 795 864 labentibus
808 830 920 864 obstat

71 878 212 913 villicus
227 883 269 919 et,
288 879 412 912 veteris
427 879 535 911 rimae
549 888 659 923 quum
676 879 759 912 texit
773 877 921 921 hiatum,
1085 887 1134 914 195

73 938 212 962 securos
225 926 396 972 pendente
411 926 505 961 iubet
523 927 674 962 dormire
688 927 802 962 ruina.

72 976 272 1012 vivendum
287 976 433 1018 estillic,
450 976 512 1011 ubi
526 975 622 1011 nulla
637 976 808 1018 incendia,
825 973 915 1012 nulli

74 1032 170 1062 nocte
184 1031 308 1062 metus.
356 1027 428 1061 13111
443 1026 553 1072 poscit
567 1037 707 1073 aquam,
726 1026 796 1061 iam
808 1025 932 1061 frivola
950 1032 1064 1062 trans-

607 1074 672 1110 fert

75 1123 264 1172 Ucalegon;
292 1123 446 1159 tabulata
458 1124 521 1159 tibi
536 1125 605 1159 iam
618 1125 716 1159 tertia
731 1124 884 1160 fumant:

72 1180 110 1209 tu
125 1174 250 1208 nescis.
291 1174 381 1207 Nam
394 1173 424 1206 si
437 1173 606 1219 gradibus
624 1173 815 1219 trepidatur
831 1174 874 1209 ab
887 1173 979 1216 imis,
1084 1182 1134 1209 200

72 1222 218 1258 ultimus
237 1220 380 1263 ardebit,
398 1233 504 1267 quem
518 1221 633 1269 tegula
648 1222 721 1258 sola
734 1228 851 1258 tuetur

71 1283 90 1306 a
102 1270 235 1317 pluvia,
252 1269 375 1305 molles
388 1271 450 1306 ubi
465 1271 614 1307 reddunt
627 1284 691 1307 ova
705 1272 897 1309 columbae.

71 1320 194 1355 Lectus
209 1324 280 1354 erat
295 1319 406 1355 Codro
418 1321 562 1356 Procula
576 1322 703 1364 minor,
718 1322 846 1357 urceoli
859 1333 933 1363 sex,

70 1373 316 1404 ornamentum
332 1369 440 1410 abaci,
457 1381 519 1404 nec
533 1381 602 1405 non
620 1376 652 1405 et
668 1371 838 1416 parvulus
854 1370 942 1405 infra

71 1418 258 1453 cantharus
275 1423 307 1453 et
321 1418 491 1453 recubans
505 1419 572 1453 sub
587 1419 706 1453 eodem
721 1430 892 1454 marmore
906 1419 1053 1465 Chirou;
1084 1427 1134 1455 205

75 1470 214 1514 iamque
228 1472 328 1502 vetus
342 1467 489 1502 Graecos
504 1467 663 1502 servabat
675 1468 759 1503 cista
774 1468 921 1511 libellos,

72 1521 106 1552 et
122 1516 242 1552 divina
259 1517 347 1563 opici
361 1516 526 1552 rodebant
539 1518 693 1552 carmina
706 1529 835 1553 mures.

73 1565 131 1601 Nil
146 1566 270 1601 habuit
286 1565 438 1601 Codrus:
455 1566 536 1612 quis
550 1567 643 1602 enim
659 1567 783 1614 negat?
796 1572 828 1602 et
840 1571 956 1602 tamen
977 1565 1066 1602 illud

74 1614 225 1662 perdidit
238 1614 360 1651 infelix
373 1621 483 1651 totum
498 1615 605 1651 nihil:
634 1615 781 1651 ultimus
794 1622 909 1652 autem

75 1675 263 1700 aerumnae
275 1665 453 1707 cumulus,
464 1665 558 1711 quod
571 1665 707 1701 nudum
714 1671 746 1702 et
753 1665 861 1702 frusta
870 1670 1048 1714 rogantem
1083 1672 1134 1700 210

77 1724 179 1749 nemo
194 1714 282 1756 cibo,
299 1726 402 1750 nemo
415 1715 565 1761 hospitio
579 1720 735 1763 tectoque
748 1716 894 1751 iuvabit.

77 1762 114 1798 Si
128 1774 256 1810 magna
268 1763 387 1801 Arturi
400 1764 521 1801 cecidit
534 1765 676 1801 domus:
705 1766 844 1802 horrida
858 1770 978 1808 mater,

127 1823 282 1859 Iit-mm„
892 1826 920 1860 D
