1406 2047
252 383 285 411 60

253 629 286 656 65

255 1168 289 1196 75

258 1415 291 1442 80

258 1661 292 1689 85

324 111 386 144 408
676 113 952 142 IUVENALls

373 179 549 222 Quosdam
567 178 767 225 praecipitat
784 178 936 214 subiecta
951 180 1101 225 potentia
1115 191 1262 228 magnae
1404 191 1406 212 1

322 229 494 273 invidiae3
525 229 649 275 mergit
664 227 765 275 longa
782 233 884 274 atque
898 229 1046 276 insignis
1061 229 1233 265 honorum

323 279 468 326 pagina3
499 278 711 313 descendunt
726 282 856 312 statuae
871 284 1065 324 restemque
1079 284 1286 326 sequuntur.

323 329 418 373 Ipsus
433 327 557 362 deinde
571 332 660 361 rotas
674 326 835 373 bigarum
850 326 995 373 impacta
1008 329 1139 362 securis

323 377 444 417 caedit,
461 381 493 410 et
508 377 690 410 immeritis
708 376 918 423 franguntur
931 387 1029 411 crura
1047 377 1200 412 caballis.

324 427 395 461 Iam
411 425 563 460 stridunt
581 425 690 472 ignes,
709 426 777 459 iam
792 425 933 460 follibus
947 431 1050 471 atque
1062 428 1208 462 caminis

325 475 420 509 ardet
435 473 613 509 adoratum
630 474 758 520 populo
771 480 885 520 caput,
902 481 933 509 et
946 482 1059 521 crepat
1076 477 1198 523 ingens

324 524 488 559 Seianus:
518 523 641 558 deinde
655 535 697 558 ex
712 523 796 558 facie
811 530 877 558 toto
891 524 972 559 orbe
990 526 1141 560 secunda

325 573 414 607 fiunt
429 572 567 613 urceoli,
585 572 715 618 pelves,
733 579 880 619 sartago,
899 573 1052 618 patellae.

324 622 415 657 Pone
428 621 521 656 domi
538 621 663 662 lauros
681 622 749 656 duc
765 623 797 656 in
814 623 980 668 Capitolia
997 634 1166 670 magnum

325 677 561 717 cretatumque
580 671 703 705 bovem
717 684 722 704 :
753 672 898 705 Seianus
911 672 1049 705 ducitur
1063 684 1152 706 unco

325 719 552 766 spectandus:
581 719 733 764 gaudent
751 729 885 751 omnes.
931 719 1024 759 Quae
1040 721 1150 758 lubra,
1173 724 1249 763 quis
1264 721 1317 754 illi

324 771 438 804 vultus
451 768 544 801 erat!
581 767 785 811 Numquam,
801 770 832 801 si
846 769 928 811 quid
941 768 1023 800 mihi
1039 770 1159 808 credis,
1177 772 1293 803 amavi

326 819 413 852 hunc
427 819 602 851 hominem.
641 816 708 851 Sed
726 827 792 861 quo
806 819 926 851 cecidit
939 818 1001 851 sub
1014 815 1181 851 crimine?
1214 817 1317 860 Quis-

788 877 870 901 nam
1249 864 1252 866 ’

325 914 484 951 delator?
514 916 642 958 Quibus
656 915 820 951 indiciis?
847 928 912 961 quo
928 922 1007 951 leste
1016 914 1202 960 probavit?

327 977 343 998 ι)
353 965 408 999 Nil
424 966 567 1000 horum:
597 966 741 1000 verbosa
755 971 787 1000 et
800 965 943 1012 grandis
958 965 1098 1011 epistola
1118 966 1213 1000 venit

328 1014 533 1060 aCapreis.«
559 1016 647 1049 Bene
660 1017 775 1059 hubet;
793 1018 931 1059 nilplus
945 1019 1126 1059 interroqo.
1151 1014 1218 1049 Sed
1231 1014 1319 1062 quid

325 1064 427 1098 turba
443 1064 564 1099 Remi‘?
588 1065 752 1110 Sequitur
766 1065 967 1105 Fortunam,
985 1070 1023 1099 ut
1037 1075 1184 1110 semper,
1202 1069 1234 1100 ct
1246 1064 1319 1100 odit

327 1112 519 1148 damnatos.
560 1113 653 1148 Idem
670 1114 833 1159 populus,
851 1115 881 1148 si
895 1115 1021 1149 Nursia
1036 1115 1148 1150 Tusco

324 1161 476 1203 favisset,
495 1163 522 1196 si
538 1174 699 1207 oppressa
714 1164 799 1197 soret
812 1175 930 1197 secura
946 1169 1104 1199 senectus

328 1212 507 1258 principis,
526 1212 588 1246 hac
603 1212 676 1257 ipsa
689 1212 850 1246 Seianum
867 1212 991 1245 diceret
1005 1213 1089 1245 hora

327 1261 541 1307 Augustum.
581 1262 651 1295 Iam
666 1261 813 1306 pridem,
831 1273 872 1294 ex
887 1272 958 1305 quo
975 1259 1139 1306 suffragia
1156 1259 1244 1294 nulli

328 1309 527 1350 vendimus,
545 1309 664 1355 effugit
677 1321 788 1343 curas.
832 1310 920 1342 Nam
935 1309 996 1353 qui
1011 1308 1114 1342 dabat
1126 1308 1209 1344 olim

330 1358 529 1403 imperium,
548 1357 666 1398 fasces,
687 1357 850 1403 legiones,
868 1358 996 1397 onmia,
1015 1368 1108 1391 nunc
1121 1369 1158 1392 se

329 1408 489 1448 continet,
508 1412 609 1452 atque
623 1406 710 1441 duas
726 1412 859 1440 tantum
875 1418 928 1440 res
943 1406 1068 1440 anxius
1081 1412 1186 1452 optat,

329 1468 455 1504 panem
469 1462 502 1491 et
516 1457 706 1492 Circenses.
748 1456 944 1490 »Perituros
957 1455 1059 1490 audio
1073 1456 1212 1490 multos.
1223 1469 1239 1489 (t

331 1507 391 1541 Nil
405 1509 562 1549 clubiu7n;
590 1517 714 1549 maqmz
734 1511 782 1539 est
795 1508 990 1549 fornacula.
1031 1505 1249 1541 »Pallidqus
1267 1507 1317 1541 mi

329 1555 508 1590 Brutidius
521 1566 620 1589 meus
635 1555 678 1589 ad
693 1555 812 1589 Martis
831 1553 895 1589 suit
908 1554 1033 1589 obvius
1047 1566 1155 1590 aram.

332 1604 443 1647 Quam
458 1605 572 1645 timeo,
590 1604 702 1639 victus
720 1615 761 1639 ne
778 1615 906 1650 poenas
919 1604 1034 1651 exigat
1048 1604 1148 1645 Aiax,

329 1660 369 1690 ut
381 1654 471 1689 male
483 1653 663 1688 defensus!
705 1654 896 1688 Curramus
915 1654 1127 1700 praecipites,
1146 1657 1190 1694 et,

330 1703 417 1739 dum
431 1704 515 1739 iacet
531 1704 565 1738 in
582 1704 666 1749 ripa,
684 1703 856 1738 calcemus
871 1703 1024 1739 Caesaris
1039 1703 1184 1737 hostem.

331 1752 397 1789 Sed
412 1754 551 1789 videant
571 1754 673 1796 servi,
692 1765 735 1789 ne
748 1754 829 1800 quis
844 1759 954 1801 neget,
979 1758 1010 1788 et
1023 1752 1191 1799 pavidum
1208 1751 1243 1786 in
1263 1751 1318 1785 ius
