1406 2047
230 556 263 583 30

232 801 264 830 35

234 1046 267 1075 40

234 1291 267 1321 45

238 1538 271 1566 50

304 87 344 120 14
669 91 712 120 Α.
738 92 909 122 PERSII

300 156 418 192 Udum
431 161 464 191 et
478 155 581 192 molle
599 155 711 192 lutum
726 167 774 198 eS,
792 159 1284 205 nuncnuncproperandus,et

836 217 904 241 acri

302 253 488 301 fingendus
502 255 577 289 sine
592 254 660 288 fine
676 260 757 290 rota.
773 275 822 280 —
835 255 899 290 Sed
914 266 992 291 rure
1004 262 1146 302 paterno

299 309 351 338 est
367 304 428 337 tibi
447 303 497 337 far
511 303 698 344 modicum,
716 315 844 349 purum
853 305 1206 340 etsinelabesalinum
1219 319 1225 349 3
1237 327 1283 333 —-

303 353 388 399 quid
404 351 560 386 metuas‘?
573 372 621 377 -—
633 352 831 398 cultrixque
844 352 908 387 foci
922 364 1040 388 secura
1054 354 1190 400 patella.

301 403 370 437 Hoc
388 400 496 435 satis?
521 412 563 435 an
580 401 694 435 deceat
707 401 910 447 pulmonem
924 413 1083 448 rumpere
1097 405 1220 446 ventis,

301 455 480 486 stemmate
493 449 588 496 quod
601 450 712 485 Tusco
725 462 862 486 ramum
878 451 1062 487 millesime
1079 452 1189 495 ducis,

301 511 547 545 censoremque
562 504 661 534 tuum
677 500 730 535 vel
745 500 839 546 quod
853 501 1001 536 trabeate
1014 501 1166 536 salutas?

300 550 345 584 At
360 548 529 595 populum
544 548 714 594 phaleras.
761 551 834 596 Ego
852 555 881 584 te
897 550 990 584 intus
1004 556 1035 585 et
1051 551 1084 585 in
1103 556 1179 587 cute
1191 553 1283 587 novi.

301 599 377 633 Non
392 599 498 644 pudet
511 598 553 632 ad
568 610 698 633 morem
714 598 870 634 discincti
885 600 1001 635 vivere
1015 600 1157 635 Nattae?

302 648 368 683 Sed
384 653 498 693 stupet
512 648 567 681 hic
581 648 675 689 vitio,
693 653 724 683 et
738 648 857 683 fibris
850 650 992 684 increvit
1005 650 1162 695 opimum

301 698 448 744 pingue:
477 703 567 732 caret
579 697 697 743 eulpa:
728 699 846 739 nescit,
863 698 948 744 quid
967 699 1101 744 perdat
1132 704 1163 733 ct
1178 698 1244 733 alto

302 747 494 787 demersus,
511 758 648 781 summa
663 759 784 782 rursus
800 759 867 782 non
883 747 1011 782 bullit
1004 760 1038 781 in
1054 747 1162 782 unda.

351 796 474 841 Magne
491 800 586 840 pater
599 795 734 836 divum,
752 807 872 829 saevos
886 797 1010 840 punire
1024 799 1060 841 t)
1064 805 1188 830 rannos

302 844 398 879 haud
413 843 479 878 alia
493 844 621 878 ratione
635 843 733 885 velis,
750 855 861 890 quum
875 844 949 879 dira
964 843 1071 879 libido

303 893 450 928 moverit
464 893 656 940 ingenium,
673 892 817 928 ferventi
831 894 933 928 tincta
948 904 1090 934 veneno,

303 943 466 977 virtutem
482 948 519 977 ut
533 942 682 984 videant,
702 943 983 988 intabescantque
1002 942 1130 977 relicta.
1146 962 1193 968 —

303 992 403 1027 Anne
417 992 529 1039 magis
544 991 649 1027 Siculi
663 997 870 1039 gemuerunt
884 1003 959 1026 aera
975 992 1123 1032 iuvenci,

305 1047 364 1076 aut
379 1042 489 1088 magis
507 1042 634 1076 auratis
648 1042 802 1087 pendens
817 1041 1040 1088 laquearibus
1056 1041 1149 1076 ensis

304 1102 497 1137 purpureas
511 1092 628 1126 subter
641 1092 789 1126 cervices
806 1091 942 1126 terruit:
966 1094 1066 1132 imus,

303 1144 391 1175 imus
408 1144 611 1182 praecipites
627 1151 733 1184 quam
749 1141 777 1173 si
792 1141 858 1173 sibi
873 1140 974 1179 dicat,
991 1146 1023 1173 et
1038 1140 1132 1173 intus

304 1188 429 1235 palleat
452 1188 583 1229 infelix,
607 1188 700 1234 quod
717 1189 874 1243 proxima
890 1188 1016 1222 nesciat
1031 1186 1142 1221 uxor‘?
1155 1207 1202 1212 —

355 1237 460 1282 Saepe
474 1237 602 1278 oeulos
619 1238 775 1275 memini
792 1237 967 1282 fingebam
983 1247 1111 1280 parvus
1124 1234 1226 1275 olivo,

305 1286 449 1333 grandia
464 1286 493 1319 si
508 1285 634 1319 nollem
649 1296 723 1319 mor
727 1285 807 1318 ituri
821 1284 925 1318 verba
939 1284 1078 1318 Catonis

306 1335 448 1375 discere
467 1334 532 1368 ab
524 1344 645 1368 insano
659 1333 808 1368 multum
826 1332 996 1367 laudanda
1011 1333 1187 1379 magistro,

307 1395 396 1430 quae
409 1389 503 1429 pater
517 1382 674 1416 adductis
688 1383 818 1417 sudans
833 1382 965 1417 audiret
979 1382 1110 1416 amicis.

307 1435 385 1469 Iure
398 1433 524 1467 etenim
538 1431 573 1466 id
587 1443 779 1472 summum,
797 1431 882 1477 quid
897 1431 1014 1466 dexter
1027 1431 1120 1466 senio
1134 1430 1244 1472 ferret,

308 1483 395 1518 seire
408 1487 478 1516 erat
492 1482 527 1516 in
541 1486 619 1516 voto
632 1495 638 1516 :
668 1481 833 1516 damnosa
847 1480 1001 1516 canicula
1015 1486 1184 1527 quantum

309 1531 458 1567 raderet:
489 1535 654 1576 angustae
668 1530 754 1565 collo
770 1542 837 1565 non
852 1529 961 1565 fallier
973 1541 1088 1564 orcae:

312 1592 381 1616 neu
395 1580 476 1626 quis
490 1580 645 1614 callidior
658 1580 794 1615 buxum
809 1586 965 1626 torquere
979 1578 1123 1626 flagello.
1139 1599 1187 1604 —

360 1629 461 1665 Haud
489 1629 553 1664 tibi
583 1629 802 1676 inexpertum
833 1635 901 1671 est,
936 1640 1059 1664 curvos
1085 1627 1293 1675 deprendere

845 1690 968 1720 mores,

312 1739 472 1776 quaeque
485 1727 582 1765 docet
595 1729 731 1777 sapiens
745 1728 911 1765 braccatis
925 1728 1010 1764 illita
1023 1726 1132 1763 Medis
