<?xml version="1.0" encoding="UTF-8"?>
<!DOCTYPE html PUBLIC "-//W3C//DTD XHTML 1.0 Transitional//EN"
    "http://www.w3.org/TR/xhtml1/DTD/xhtml1-transitional.dtd">
<html xmlns="http://www.w3.org/1999/xhtml" xml:lang="en" lang="en">
 <head>
  <title>
</title>
<meta http-equiv="Content-Type" content="text/html;charset=utf-8" />
  <meta name='ocr-system' content='tesseract 3.04.00' />
  <meta name='ocr-capabilities' content='ocr_page ocr_carea ocr_par ocr_line ocrx_word'/>
</head>
<body>
  <div class='ocr_page' id='page_1' title='image "apersiiflaccietd00persuoft_0177.png"; bbox 0 0 1252 2025; ppageno 0'>
   <div class='ocr_carea' id='block_1_1' title="bbox 397 89 1046 123">
    <p class='ocr_par' dir='ltr' id='par_1_1' title="bbox 397 89 1046 123">
     <span class='ocr_line' id='line_1_1' title="bbox 397 89 1046 123; baseline 0.006 -4"><span class='ocrx_word' id='word_1_1' title='bbox 397 90 590 121; x_wconf 71' lang='lat' dir='ltr'>SATIRA</span> <span class='ocrx_word' id='word_1_2' title='bbox 622 90 712 121; x_wconf 77' lang='lat' dir='ltr'><strong>XVI.</strong></span> <span class='ocrx_word' id='word_1_3' title='bbox 984 89 1046 123; x_wconf 69' lang='lat'><strong>⁴53</strong></span> 
     </span>
    </p>
   </div>
   <div class='ocr_carea' id='block_1_2' title="bbox 58 157 1122 1782">
    <p class='ocr_par' dir='ltr' id='par_1_2' title="bbox 66 157 1120 354">
     <span class='ocr_line' id='line_1_2' title="bbox 67 157 895 206; baseline -0.004 -9"><span class='ocrx_word' id='word_1_4' title='bbox 67 172 121 197; x_wconf 87' lang='lat' dir='ltr'><strong>me</strong></span> <span class='ocrx_word' id='word_1_5' title='bbox 133 157 297 206; x_wconf 86' lang='lat' dir='ltr'><strong>pavidum</strong></span> <span class='ocrx_word' id='word_1_6' title='bbox 309 157 456 204; x_wconf 76' lang='lat' dir='ltr'>excipiet</span> <span class='ocrx_word' id='word_1_7' title='bbox 470 157 614 193; x_wconf 87' lang='lat' dir='ltr'><strong>tironem</strong></span> <span class='ocrx_word' id='word_1_8' title='bbox 633 162 728 204; x_wconf 87' lang='lat' dir='ltr'><strong>porta</strong></span> <span class='ocrx_word' id='word_1_9' title='bbox 743 157 895 194; x_wconf 83' lang='lat' dir='ltr'><strong>secundo</strong></span> 
     </span>
     <span class='ocr_line' id='line_1_3' title="bbox 67 207 900 255; baseline -0.004 -9"><span class='ocrx_word' id='word_1_10' title='bbox 67 210 185 246; x_wconf 83' lang='lat' dir='ltr'><strong>sidere.</strong></span> <span class='ocrx_word' id='word_1_11' title='bbox 224 207 303 244; x_wconf 89' lang='lat' dir='ltr'><strong>Plus</strong></span> <span class='ocrx_word' id='word_1_12' title='bbox 320 208 445 243; x_wconf 85' lang='lat' dir='ltr'><strong>etenim</strong></span> <span class='ocrx_word' id='word_1_13' title='bbox 462 207 522 243; x_wconf 80' lang='lat' dir='ltr'><strong>sati</strong></span> <span class='ocrx_word' id='word_1_14' title='bbox 539 207 628 243; x_wconf 86' lang='lat' dir='ltr'><strong>valet</strong></span> <span class='ocrx_word' id='word_1_15' title='bbox 641 208 724 243; x_wconf 91' lang='lat' dir='ltr'><strong>hora</strong></span> <span class='ocrx_word' id='word_1_16' title='bbox 743 207 900 255; x_wconf 83' lang='lat' dir='ltr'>benigni,</span> 
     </span>
     <span class='ocr_line' id='line_1_4' title="bbox 67 256 1120 307; baseline 0 -14"><span class='ocrx_word' id='word_1_17' title='bbox 67 270 171 307; x_wconf 87' lang='lat' dir='ltr'><strong>quam</strong></span> <span class='ocrx_word' id='word_1_18' title='bbox 185 257 212 292; x_wconf 87' lang='lat' dir='ltr'><strong>si</strong></span> <span class='ocrx_word' id='word_1_19' title='bbox 227 268 287 293; x_wconf 84' lang='lat' dir='ltr'><strong>nos</strong></span> <span class='ocrx_word' id='word_1_20' title='bbox 300 256 443 293; x_wconf 81' lang='lat' dir='ltr'><strong>Veneris</strong></span> <span class='ocrx_word' id='word_1_21' title='bbox 459 257 677 293; x_wconf 86' lang='lat' dir='ltr'><strong>commendet</strong></span> <span class='ocrx_word' id='word_1_22' title='bbox 691 257 832 304; x_wconf 86' lang='lat' dir='ltr'><strong>epistola</strong></span> <span class='ocrx_word' id='word_1_23' title='bbox 849 257 951 293; x_wconf 84' lang='lat' dir='ltr'><strong>Marti</strong></span> <span class='ocrx_word' id='word_1_24' title='bbox 1106 265 1120 292; x_wconf 88' lang='lat'>5</span> 
     </span>
     <span class='ocr_line' id='line_1_5' title="bbox 66 307 822 354; baseline -0.003 -10"><span class='ocrx_word' id='word_1_25' title='bbox 66 315 98 344; x_wconf 85' lang='lat' dir='ltr'><strong>et</strong></span> <span class='ocrx_word' id='word_1_26' title='bbox 110 307 221 343; x_wconf 89' lang='lat' dir='ltr'><strong>Samia</strong></span> <span class='ocrx_word' id='word_1_27' title='bbox 238 307 389 354; x_wconf 84' lang='lat' dir='ltr'>genitrix</span> <span class='ocrx_word' id='word_1_28' title='bbox 403 319 492 353; x_wconf 83' lang='lat' dir='ltr'><strong>quae</strong></span> <span class='ocrx_word' id='word_1_29' title='bbox 506 307 693 343; x_wconf 78' lang='lat' dir='ltr'>delectatur</span> <span class='ocrx_word' id='word_1_30' title='bbox 705 318 822 342; x_wconf 86' lang='lat' dir='ltr'><strong>arena.</strong></span> 
     </span>
    </p>

    <p class='ocr_par' dir='ltr' id='par_1_3' title="bbox 58 356 1122 1782">
     <span class='ocr_line' id='line_1_6' title="bbox 114 356 1048 403; baseline -0.001 -10"><span class='ocrx_word' id='word_1_31' title='bbox 114 356 298 393; x_wconf 87' lang='lat' dir='ltr'><strong>Commoda</strong></span> <span class='ocrx_word' id='word_1_32' title='bbox 313 362 497 392; x_wconf 82' lang='lat' dir='ltr'>tractemus</span> <span class='ocrx_word' id='word_1_33' title='bbox 512 358 666 403; x_wconf 91' lang='lat' dir='ltr'><strong>primum</strong></span> <span class='ocrx_word' id='word_1_34' title='bbox 674 356 885 398; x_wconf 83' lang='lat' dir='ltr'><strong>communia,</strong></span> <span class='ocrx_word' id='word_1_35' title='bbox 897 367 1048 403; x_wconf 87' lang='lat' dir='ltr'><strong>quorum</strong></span> 
     </span>
     <span class='ocr_line' id='line_1_7' title="bbox 65 406 963 453; baseline -0.001 -11"><span class='ocrx_word' id='word_1_36' title='bbox 65 406 157 442; x_wconf 91' lang='lat' dir='ltr'><strong>haud</strong></span> <span class='ocrx_word' id='word_1_37' title='bbox 171 406 357 441; x_wconf 87' lang='lat' dir='ltr'><strong>minimum</strong></span> <span class='ocrx_word' id='word_1_38' title='bbox 371 406 461 442; x_wconf 87' lang='lat' dir='ltr'><strong>illud</strong></span> <span class='ocrx_word' id='word_1_39' title='bbox 473 408 548 448; x_wconf 85' lang='lat' dir='ltr'><strong>erit,</strong></span> <span class='ocrx_word' id='word_1_40' title='bbox 566 418 609 442; x_wconf 84' lang='lat' dir='ltr'><strong>ne</strong></span> <span class='ocrx_word' id='word_1_41' title='bbox 627 412 660 442; x_wconf 89' lang='lat' dir='ltr'><strong>te</strong></span> <span class='ocrx_word' id='word_1_42' title='bbox 675 406 814 453; x_wconf 85' lang='lat' dir='ltr'><strong>pulsare</strong></span> <span class='ocrx_word' id='word_1_43' title='bbox 827 411 963 453; x_wconf 76' lang='lat' dir='ltr'><strong>togatus</strong></span> 
     </span>
     <span class='ocr_line' id='line_1_8' title="bbox 65 455 940 502; baseline 0.002 -12"><span class='ocrx_word' id='word_1_44' title='bbox 65 456 200 499; x_wconf 76' lang='lat' dir='ltr'><strong>audeat3</strong></span> <span class='ocrx_word' id='word_1_45' title='bbox 230 455 338 491; x_wconf 90' lang='lat' dir='ltr'><strong>immo</strong></span> <span class='ocrx_word' id='word_1_46' title='bbox 356 462 398 497; x_wconf 82' lang='lat' dir='ltr'><strong>et,</strong></span> <span class='ocrx_word' id='word_1_47' title='bbox 417 457 446 491; x_wconf 90' lang='lat' dir='ltr'><strong>si</strong></span> <span class='ocrx_word' id='word_1_48' title='bbox 462 456 631 502; x_wconf 81' lang='lat' dir='ltr'><strong>pulsetur,</strong></span> <span class='ocrx_word' id='word_1_49' title='bbox 649 455 859 498; x_wconf 83' lang='lat' dir='ltr'><strong>dissimulet,</strong></span> <span class='ocrx_word' id='word_1_50' title='bbox 877 466 940 492; x_wconf 83' lang='lat' dir='ltr'><strong>nec</strong></span> 
     </span>
     <span class='ocr_line' id='line_1_9' title="bbox 64 505 1120 541; baseline -0.003 -1"><span class='ocrx_word' id='word_1_51' title='bbox 64 505 184 540; x_wconf 88' lang='lat' dir='ltr'><strong>audeat</strong></span> <span class='ocrx_word' id='word_1_52' title='bbox 196 515 358 540; x_wconf 78' lang='lat' dir='ltr'><strong>excussos</strong></span> <span class='ocrx_word' id='word_1_53' title='bbox 377 506 526 541; x_wconf 78' lang='lat' dir='ltr'><strong>Praetori</strong></span> <span class='ocrx_word' id='word_1_54' title='bbox 539 505 719 540; x_wconf 85' lang='lat' dir='ltr'><strong>ostendere</strong></span> <span class='ocrx_word' id='word_1_55' title='bbox 732 505 853 540; x_wconf 82' lang='lat' dir='ltr'><strong>dentes</strong></span> <span class='ocrx_word' id='word_1_56' title='bbox 1088 510 1120 538; x_wconf 87' lang='lat'><strong>10</strong></span> 
     </span>
     <span class='ocr_line' id='line_1_10' title="bbox 63 553 856 602; baseline -0.003 -12"><span class='ocrx_word' id='word_1_57' title='bbox 63 559 96 590; x_wconf 88' lang='lat' dir='ltr'><strong>et</strong></span> <span class='ocrx_word' id='word_1_58' title='bbox 110 554 242 602; x_wconf 83' lang='lat' dir='ltr'>nigram</span> <span class='ocrx_word' id='word_1_59' title='bbox 258 555 294 589; x_wconf 86' lang='lat' dir='ltr'><strong>in</strong></span> <span class='ocrx_word' id='word_1_60' title='bbox 308 553 393 590; x_wconf 88' lang='lat' dir='ltr'><strong>facie</strong></span> <span class='ocrx_word' id='word_1_61' title='bbox 407 555 552 589; x_wconf 87' lang='lat' dir='ltr'><strong>tumidis</strong></span> <span class='ocrx_word' id='word_1_62' title='bbox 567 554 738 589; x_wconf 82' lang='lat' dir='ltr'><strong>livoribus</strong></span> <span class='ocrx_word' id='word_1_63' title='bbox 752 554 856 589; x_wconf 81' lang='lat' dir='ltr'><strong>offam</strong></span> 
     </span>
     <span class='ocr_line' id='line_1_11' title="bbox 63 602 932 650; baseline 0 -12"><span class='ocrx_word' id='word_1_64' title='bbox 63 611 164 650; x_wconf 90' lang='lat' dir='ltr'><strong>atque</strong></span> <span class='ocrx_word' id='word_1_65' title='bbox 177 603 305 645; x_wconf 87' lang='lat' dir='ltr'><strong>oculos,</strong></span> <span class='ocrx_word' id='word_1_66' title='bbox 323 603 455 639; x_wconf 87' lang='lat' dir='ltr'><strong>medico</strong></span> <span class='ocrx_word' id='word_1_67' title='bbox 469 603 518 639; x_wconf 89' lang='lat' dir='ltr'><strong>nil</strong></span> <span class='ocrx_word' id='word_1_68' title='bbox 532 604 764 649; x_wconf 84' lang='lat' dir='ltr'><strong>promittente,</strong></span> <span class='ocrx_word' id='word_1_69' title='bbox 782 602 932 638; x_wconf 88' lang='lat' dir='ltr'><strong>relictos.</strong></span> 
     </span>
     <span class='ocr_line' id='line_1_12' title="bbox 62 651 859 698; baseline -0.001 -10"><span class='ocrx_word' id='word_1_70' title='bbox 62 652 244 688; x_wconf 85' lang='lat' dir='ltr'><strong>Bardiacus</strong></span> <span class='ocrx_word' id='word_1_71' title='bbox 259 653 365 688; x_wconf 86' lang='lat' dir='ltr'><strong>iudex</strong></span> <span class='ocrx_word' id='word_1_72' title='bbox 377 653 479 688; x_wconf 87' lang='lat' dir='ltr'><strong>datur</strong></span> <span class='ocrx_word' id='word_1_73' title='bbox 493 653 576 688; x_wconf 89' lang='lat' dir='ltr'><strong>haec</strong></span> <span class='ocrx_word' id='word_1_74' title='bbox 589 653 715 698; x_wconf 91' lang='lat' dir='ltr'><strong>punire</strong></span> <span class='ocrx_word' id='word_1_75' title='bbox 728 651 859 688; x_wconf 79' lang='lat' dir='ltr'><strong>volenti</strong></span> 
     </span>
     <span class='ocr_line' id='line_1_13' title="bbox 62 701 936 746; baseline 0.001 -10"><span class='ocrx_word' id='word_1_76' title='bbox 62 701 209 742; x_wconf 85' lang='lat' dir='ltr'><strong>calceus,</strong></span> <span class='ocrx_word' id='word_1_77' title='bbox 226 706 258 736; x_wconf 89' lang='lat' dir='ltr'><strong>et</strong></span> <span class='ocrx_word' id='word_1_78' title='bbox 272 701 421 746; x_wconf 85' lang='lat' dir='ltr'><strong>grandes</strong></span> <span class='ocrx_word' id='word_1_79' title='bbox 435 712 562 746; x_wconf 86' lang='lat' dir='ltr'><strong>magna</strong></span> <span class='ocrx_word' id='word_1_80' title='bbox 581 701 624 735; x_wconf 87' lang='lat' dir='ltr'><strong>ad</strong></span> <span class='ocrx_word' id='word_1_81' title='bbox 641 701 806 736; x_wconf 89' lang='lat' dir='ltr'><strong>subsellia</strong></span> <span class='ocrx_word' id='word_1_82' title='bbox 821 711 936 743; x_wconf 84' lang='lat' dir='ltr'><strong>surae,</strong></span> 
     </span>
     <span class='ocr_line' id='line_1_14' title="bbox 63 749 1122 796; baseline 0 -12"><span class='ocrx_word' id='word_1_83' title='bbox 63 749 200 796; x_wconf 87' lang='lat' dir='ltr'><strong>legibus</strong></span> <span class='ocrx_word' id='word_1_84' title='bbox 215 749 368 794; x_wconf 83' lang='lat' dir='ltr'><strong>antiquis</strong></span> <span class='ocrx_word' id='word_1_85' title='bbox 381 753 572 783; x_wconf 87' lang='lat' dir='ltr'><strong>castrorum</strong></span> <span class='ocrx_word' id='word_1_86' title='bbox 586 754 618 783; x_wconf 91' lang='lat' dir='ltr'><strong>et</strong></span> <span class='ocrx_word' id='word_1_87' title='bbox 633 759 727 784; x_wconf 89' lang='lat' dir='ltr'><strong>more</strong></span> <span class='ocrx_word' id='word_1_88' title='bbox 745 749 884 785; x_wconf 88' lang='lat' dir='ltr'><strong>Camilli</strong></span> <span class='ocrx_word' id='word_1_89' title='bbox 1090 757 1122 784; x_wconf 85' lang='lat'><strong>15</strong></span> 
     </span>
     <span class='ocr_line' id='line_1_15' title="bbox 63 797 768 845; baseline -0.001 -11"><span class='ocrx_word' id='word_1_90' title='bbox 63 803 208 839; x_wconf 86' lang='lat' dir='ltr'><strong>servato,</strong></span> <span class='ocrx_word' id='word_1_91' title='bbox 230 797 328 832; x_wconf 88' lang='lat' dir='ltr'><strong>miles</strong></span> <span class='ocrx_word' id='word_1_92' title='bbox 343 809 385 833; x_wconf 88' lang='lat' dir='ltr'><strong>ne</strong></span> <span class='ocrx_word' id='word_1_93' title='bbox 400 797 533 833; x_wconf 87' lang='lat' dir='ltr'><strong>vallum</strong></span> <span class='ocrx_word' id='word_1_94' title='bbox 550 797 660 845; x_wconf 91' lang='lat' dir='ltr'><strong>litiget</strong></span> <span class='ocrx_word' id='word_1_95' title='bbox 672 803 768 833; x_wconf 80' lang='lat' dir='ltr'><strong>extra</strong></span> 
     </span>
     <span class='ocr_line' id='line_1_16' title="bbox 63 847 893 894; baseline 0 -11"><span class='ocrx_word' id='word_1_96' title='bbox 63 855 95 883; x_wconf 82' lang='lat' dir='ltr'><strong>et</strong></span> <span class='ocrx_word' id='word_1_97' title='bbox 108 847 225 893; x_wconf 89' lang='lat' dir='ltr'><strong>procul</strong></span> <span class='ocrx_word' id='word_1_98' title='bbox 243 859 260 881; x_wconf 89' lang='lat' dir='ltr'><strong>a</strong></span> <span class='ocrx_word' id='word_1_99' title='bbox 275 847 399 894; x_wconf 82' lang='lat' dir='ltr'><strong>signis.</strong></span> <span class='ocrx_word' id='word_1_100' title='bbox 440 847 636 882; x_wconf 86' lang='lat' dir='ltr'><strong>Iustissima</strong></span> <span class='ocrx_word' id='word_1_101' title='bbox 649 848 893 883; x_wconf 79' lang='lat' dir='ltr'><strong>centurionum</strong></span> 
     </span>
     <span class='ocr_line' id='line_1_17' title="bbox 61 896 908 944; baseline 0 -12"><span class='ocrx_word' id='word_1_102' title='bbox 61 897 212 944; x_wconf 88' lang='lat' dir='ltr'><strong>cognitio</strong></span> <span class='ocrx_word' id='word_1_103' title='bbox 223 902 274 931; x_wconf 88' lang='lat' dir='ltr'><strong>est</strong></span> <span class='ocrx_word' id='word_1_104' title='bbox 292 896 398 943; x_wconf 86' lang='lat' dir='ltr'><strong>igitur</strong></span> <span class='ocrx_word' id='word_1_105' title='bbox 411 896 454 932; x_wconf 90' lang='lat' dir='ltr'><strong>de</strong></span> <span class='ocrx_word' id='word_1_106' title='bbox 467 896 593 941; x_wconf 80' lang='lat' dir='ltr'><strong>milite3</strong></span> <span class='ocrx_word' id='word_1_107' title='bbox 624 908 686 933; x_wconf 88' lang='lat' dir='ltr'><strong>nec</strong></span> <span class='ocrx_word' id='word_1_108' title='bbox 699 897 787 932; x_wconf 87' lang='lat' dir='ltr'><strong>mihi</strong></span> <span class='ocrx_word' id='word_1_109' title='bbox 800 897 908 934; x_wconf 85' lang='lat' dir='ltr'><strong>deerit</strong></span> 
     </span>
     <span class='ocr_line' id='line_1_18' title="bbox 62 945 798 993; baseline 0.003 -13"><span class='ocrx_word' id='word_1_110' title='bbox 62 946 160 987; x_wconf 76' lang='lat' dir='ltr'><strong>ultio,</strong></span> <span class='ocrx_word' id='word_1_111' title='bbox 178 946 207 981; x_wconf 88' lang='lat' dir='ltr'><strong>si</strong></span> <span class='ocrx_word' id='word_1_112' title='bbox 222 946 330 981; x_wconf 86' lang='lat' dir='ltr'><strong>iustae</strong></span> <span class='ocrx_word' id='word_1_113' title='bbox 343 945 493 982; x_wconf 79' lang='lat' dir='ltr'><strong>defertur</strong></span> <span class='ocrx_word' id='word_1_114' title='bbox 509 958 611 982; x_wconf 89' lang='lat' dir='ltr'><strong>causa</strong></span> <span class='ocrx_word' id='word_1_115' title='bbox 625 946 798 993; x_wconf 82' lang='lat' dir='ltr'><strong>querelae.</strong></span> 
     </span>
     <span class='ocr_line' id='line_1_19' title="bbox 63 993 1122 1043; baseline 0 -14"><span class='ocrx_word' id='word_1_116' title='bbox 63 996 145 1030; x_wconf 87' lang='lat' dir='ltr'><strong>Tota</strong></span> <span class='ocrx_word' id='word_1_117' title='bbox 158 995 279 1030; x_wconf 89' lang='lat' dir='ltr'><strong>cohors</strong></span> <span class='ocrx_word' id='word_1_118' title='bbox 295 1001 408 1031; x_wconf 86' lang='lat' dir='ltr'><strong>tamen</strong></span> <span class='ocrx_word' id='word_1_119' title='bbox 422 1002 473 1031; x_wconf 89' lang='lat' dir='ltr'><strong>est</strong></span> <span class='ocrx_word' id='word_1_120' title='bbox 487 996 638 1038; x_wconf 89' lang='lat' dir='ltr'><strong>inimica,</strong></span> <span class='ocrx_word' id='word_1_121' title='bbox 657 1007 849 1043; x_wconf 90' lang='lat' dir='ltr'><strong>omnesque</strong></span> <span class='ocrx_word' id='word_1_122' title='bbox 861 993 1007 1042; x_wconf 88' lang='lat' dir='ltr'><strong>manipli</strong></span> <span class='ocrx_word' id='word_1_123' title='bbox 1089 1002 1122 1030; x_wconf 83' lang='lat'><strong>20</strong></span> 
     </span>
     <span class='ocr_line' id='line_1_20' title="bbox 63 1045 873 1092; baseline 0.004 -14"><span class='ocrx_word' id='word_1_124' title='bbox 63 1055 235 1080; x_wconf 89' lang='lat' dir='ltr'><strong>consensu</strong></span> <span class='ocrx_word' id='word_1_125' title='bbox 252 1056 380 1092; x_wconf 82' lang='lat' dir='ltr'><strong>magno</strong></span> <span class='ocrx_word' id='word_1_126' title='bbox 393 1045 566 1090; x_wconf 75' lang='lat' dir='ltr'><strong>officiunt,</strong></span> <span class='ocrx_word' id='word_1_127' title='bbox 596 1046 761 1081; x_wconf 89' lang='lat' dir='ltr'><strong>curabilis</strong></span> <span class='ocrx_word' id='word_1_128' title='bbox 776 1052 814 1082; x_wconf 88' lang='lat' dir='ltr'><strong>ut</strong></span> <span class='ocrx_word' id='word_1_129' title='bbox 827 1046 873 1081; x_wconf 88' lang='lat' dir='ltr'><strong>sit</strong></span> 
     </span>
     <span class='ocr_line' id='line_1_21' title="bbox 64 1093 1050 1143; baseline 0.001 -15"><span class='ocrx_word' id='word_1_130' title='bbox 64 1093 226 1136; x_wconf 89' lang='lat' dir='ltr'><strong>vindicta,</strong></span> <span class='ocrx_word' id='word_1_131' title='bbox 243 1100 274 1130; x_wconf 88' lang='lat' dir='ltr'><strong>et</strong></span> <span class='ocrx_word' id='word_1_132' title='bbox 286 1095 437 1142; x_wconf 85' lang='lat' dir='ltr'><strong>gravior,</strong></span> <span class='ocrx_word' id='word_1_133' title='bbox 453 1096 708 1142; x_wconf 88' lang='lat' dir='ltr'><strong>quaminiuria.</strong></span> <span class='ocrx_word' id='word_1_134' title='bbox 736 1094 1050 1143; x_wconf 87' lang='lat' dir='ltr'><strong>Dignumeritergo</strong></span> 
     </span>
     <span class='ocr_line' id='line_1_22' title="bbox 62 1143 797 1192; baseline 0 -14"><span class='ocrx_word' id='word_1_135' title='bbox 62 1143 300 1179; x_wconf 83' lang='lat' dir='ltr'><strong>declamatoris</strong></span> <span class='ocrx_word' id='word_1_136' title='bbox 318 1145 524 1180; x_wconf 85' lang='lat' dir='ltr'><strong>Mutinensis</strong></span> <span class='ocrx_word' id='word_1_137' title='bbox 539 1144 638 1180; x_wconf 88' lang='lat' dir='ltr'><strong>corde</strong></span> <span class='ocrx_word' id='word_1_138' title='bbox 651 1144 797 1192; x_wconf 83' lang='lat' dir='ltr'><strong>Vagelli,</strong></span> 
     </span>
     <span class='ocr_line' id='line_1_23' title="bbox 62 1191 996 1239; baseline 0.001 -13"><span class='ocrx_word' id='word_1_139' title='bbox 62 1203 174 1238; x_wconf 89' lang='lat' dir='ltr'><strong>quum</strong></span> <span class='ocrx_word' id='word_1_140' title='bbox 189 1192 258 1228; x_wconf 90' lang='lat' dir='ltr'><strong>duo</strong></span> <span class='ocrx_word' id='word_1_141' title='bbox 271 1204 370 1228; x_wconf 86' lang='lat' dir='ltr'><strong>crura</strong></span> <span class='ocrx_word' id='word_1_142' title='bbox 383 1194 523 1235; x_wconf 86' lang='lat' dir='ltr'><strong>habeas,</strong></span> <span class='ocrx_word' id='word_1_143' title='bbox 545 1193 716 1228; x_wconf 82' lang='lat' dir='ltr'><strong>offendere</strong></span> <span class='ocrx_word' id='word_1_144' title='bbox 729 1197 776 1227; x_wconf 86' lang='lat' dir='ltr'><strong>tot</strong></span> <span class='ocrx_word' id='word_1_145' title='bbox 789 1191 930 1239; x_wconf 89' lang='lat' dir='ltr'><strong>caligas,</strong></span> <span class='ocrx_word' id='word_1_146' title='bbox 946 1196 996 1227; x_wconf 83' lang='lat' dir='ltr'><strong>tot</strong></span> 
     </span>
     <span class='ocr_line' id='line_1_24' title="bbox 62 1240 1121 1288; baseline -0.001 -12"><span class='ocrx_word' id='word_1_147' title='bbox 62 1241 172 1276; x_wconf 89' lang='lat' dir='ltr'><strong>millia</strong></span> <span class='ocrx_word' id='word_1_148' title='bbox 185 1241 374 1276; x_wconf 83' lang='lat' dir='ltr'><strong>clavorum.</strong></span> <span class='ocrx_word' id='word_1_149' title='bbox 415 1242 502 1284; x_wconf 86' lang='lat' dir='ltr'><strong>Quis</strong></span> <span class='ocrx_word' id='word_1_150' title='bbox 516 1246 587 1276; x_wconf 88' lang='lat' dir='ltr'><strong>tam</strong></span> <span class='ocrx_word' id='word_1_151' title='bbox 600 1241 720 1288; x_wconf 91' lang='lat' dir='ltr'><strong>procul</strong></span> <span class='ocrx_word' id='word_1_152' title='bbox 737 1242 826 1277; x_wconf 86' lang='lat' dir='ltr'><strong>absit</strong></span> <span class='ocrx_word' id='word_1_153' title='bbox 840 1242 884 1277; x_wconf 83' lang='lat' dir='ltr'><strong>ab</strong></span> <span class='ocrx_word' id='word_1_154' title='bbox 899 1240 1014 1277; x_wconf 72' lang='lat' dir='ltr'><strong>Urbe?</strong></span> <span class='ocrx_word' id='word_1_155' title='bbox 1088 1247 1121 1275; x_wconf 85' lang='lat'><strong>25</strong></span> 
     </span>
     <span class='ocr_line' id='line_1_25' title="bbox 58 1290 994 1337; baseline 0.003 -14"><span class='ocrx_word' id='word_1_156' title='bbox 58 1293 229 1336; x_wconf 86' lang='lat' dir='ltr'><strong>praeterea</strong></span> <span class='ocrx_word' id='word_1_157' title='bbox 247 1290 327 1335; x_wconf 90' lang='lat' dir='ltr'><strong>quis</strong></span> <span class='ocrx_word' id='word_1_158' title='bbox 341 1293 411 1322; x_wconf 87' lang='lat' dir='ltr'><strong>tam</strong></span> <span class='ocrx_word' id='word_1_159' title='bbox 428 1290 588 1335; x_wconf 87' lang='lat' dir='ltr'><strong>Pylades,</strong></span> <span class='ocrx_word' id='word_1_160' title='bbox 605 1291 734 1325; x_wconf 91' lang='lat' dir='ltr'><strong>molem</strong></span> <span class='ocrx_word' id='word_1_161' title='bbox 753 1291 889 1337; x_wconf 85' lang='lat' dir='ltr'><strong>aggeris</strong></span> <span class='ocrx_word' id='word_1_162' title='bbox 903 1290 994 1326; x_wconf 86' lang='lat' dir='ltr'><strong>ultra</strong></span> 
     </span>
     <span class='ocr_line' id='line_1_26' title="bbox 60 1337 949 1384; baseline 0.004 -11"><span class='ocrx_word' id='word_1_163' title='bbox 60 1342 98 1373; x_wconf 84' lang='lat' dir='ltr'><strong>ut</strong></span> <span class='ocrx_word' id='word_1_164' title='bbox 112 1337 248 1374; x_wconf 81' lang='lat' dir='ltr'><strong>veniat‘?</strong></span> <span class='ocrx_word' id='word_1_165' title='bbox 274 1338 464 1373; x_wconf 86' lang='lat' dir='ltr'><strong>Lacrumae</strong></span> <span class='ocrx_word' id='word_1_166' title='bbox 481 1338 654 1374; x_wconf 88' lang='lat' dir='ltr'><strong>siccentur</strong></span> <span class='ocrx_word' id='word_1_167' title='bbox 666 1344 845 1384; x_wconf 82' lang='lat' dir='ltr'><strong>protenuS,</strong></span> <span class='ocrx_word' id='word_1_168' title='bbox 862 1345 949 1377; x_wconf 82' lang='lat' dir='ltr'><strong>etse</strong></span> 
     </span>
     <span class='ocr_line' id='line_1_27' title="bbox 59 1386 766 1424; baseline 0.003 -2"><span class='ocrx_word' id='word_1_169' title='bbox 59 1391 282 1422; x_wconf 83' lang='lat' dir='ltr'><strong>excusaturos</strong></span> <span class='ocrx_word' id='word_1_170' title='bbox 296 1397 368 1422; x_wconf 89' lang='lat' dir='ltr'><strong>non</strong></span> <span class='ocrx_word' id='word_1_171' title='bbox 381 1386 608 1423; x_wconf 73' lang='lat' dir='ltr'><strong>solllcitomus</strong></span> <span class='ocrx_word' id='word_1_172' title='bbox 622 1388 766 1424; x_wconf 80' lang='lat' dir='ltr'><strong>amicos.</strong></span> 
     </span>
     <span class='ocr_line' id='line_1_28' title="bbox 61 1436 893 1483; baseline 0.001 -12"><span class='ocrx_word' id='word_1_173' title='bbox 61 1437 110 1471; x_wconf 88' lang='lat' dir='ltr'><strong>Da</strong></span> <span class='ocrx_word' id='word_1_174' title='bbox 122 1440 259 1480; x_wconf 78' lang='lat' dir='ltr'><strong>testem3</strong></span> <span class='ocrx_word' id='word_1_175' title='bbox 290 1436 396 1471; x_wconf 83' lang='lat' dir='ltr'><strong>iudex</strong></span> <span class='ocrx_word' id='word_1_176' title='bbox 409 1447 522 1483; x_wconf 91' lang='lat' dir='ltr'><strong>quum</strong></span> <span class='ocrx_word' id='word_1_177' title='bbox 540 1436 678 1479; x_wconf 82' lang='lat' dir='ltr'><strong>dixerit,</strong></span> <span class='ocrx_word' id='word_1_178' title='bbox 696 1437 820 1472; x_wconf 86' lang='lat' dir='ltr'><strong>audeat</strong></span> <span class='ocrx_word' id='word_1_179' title='bbox 834 1436 893 1473; x_wconf 92' lang='lat' dir='ltr'><strong>ille</strong></span> 
     </span>
     <span class='ocr_line' id='line_1_29' title="bbox 61 1485 1119 1533; baseline 0.001 -13"><span class='ocrx_word' id='word_1_180' title='bbox 61 1485 175 1521; x_wconf 89' lang='lat' dir='ltr'><strong>nescio</strong></span> <span class='ocrx_word' id='word_1_181' title='bbox 191 1485 284 1532; x_wconf 88' lang='lat' dir='ltr'><strong>quis,</strong></span> <span class='ocrx_word' id='word_1_182' title='bbox 306 1496 443 1533; x_wconf 88' lang='lat' dir='ltr'><strong>pugnos</strong></span> <span class='ocrx_word' id='word_1_183' title='bbox 458 1486 520 1532; x_wconf 91' lang='lat' dir='ltr'><strong>qui</strong></span> <span class='ocrx_word' id='word_1_184' title='bbox 538 1486 637 1529; x_wconf 90' lang='lat' dir='ltr'><strong>vidit,</strong></span> <span class='ocrx_word' id='word_1_185' title='bbox 655 1487 779 1529; x_wconf 87' lang='lat' dir='ltr'><strong>dicere,</strong></span> <span class='ocrx_word' id='word_1_186' title='bbox 797 1486 890 1528; x_wconf 89' lang='lat' dir='ltr'><strong>Vidi,</strong></span> <span class='ocrx_word' id='word_1_187' title='bbox 1087 1493 1119 1521; x_wconf 89' lang='lat'><strong>30</strong></span> 
     </span>
     <span class='ocr_line' id='line_1_30' title="bbox 62 1534 910 1584; baseline 0.001 -15"><span class='ocrx_word' id='word_1_188' title='bbox 62 1539 95 1570; x_wconf 89' lang='lat' dir='ltr'><strong>et</strong></span> <span class='ocrx_word' id='word_1_189' title='bbox 107 1534 240 1570; x_wconf 86' lang='lat' dir='ltr'><strong>credam</strong></span> <span class='ocrx_word' id='word_1_190' title='bbox 255 1535 403 1582; x_wconf 87' lang='lat' dir='ltr'><strong>dignum</strong></span> <span class='ocrx_word' id='word_1_191' title='bbox 421 1535 528 1571; x_wconf 88' lang='lat' dir='ltr'><strong>barba</strong></span> <span class='ocrx_word' id='word_1_192' title='bbox 542 1535 762 1584; x_wconf 84' lang='lat' dir='ltr'><strong>dignumque</strong></span> <span class='ocrx_word' id='word_1_193' title='bbox 774 1535 910 1582; x_wconf 86' lang='lat' dir='ltr'><strong>capillis</strong></span> 
     </span>
     <span class='ocr_line' id='line_1_31' title="bbox 62 1584 876 1632; baseline 0.002 -13"><span class='ocrx_word' id='word_1_194' title='bbox 62 1584 244 1620; x_wconf 89' lang='lat' dir='ltr'><strong>maiorum.</strong></span> <span class='ocrx_word' id='word_1_195' title='bbox 286 1585 397 1620; x_wconf 90' lang='lat' dir='ltr'><strong>Citius</strong></span> <span class='ocrx_word' id='word_1_196' title='bbox 411 1584 539 1621; x_wconf 87' lang='lat' dir='ltr'><strong>falsum</strong></span> <span class='ocrx_word' id='word_1_197' title='bbox 554 1586 742 1632; x_wconf 88' lang='lat' dir='ltr'><strong>producere</strong></span> <span class='ocrx_word' id='word_1_198' title='bbox 756 1591 876 1621; x_wconf 82' lang='lat' dir='ltr'><strong>testem</strong></span> 
     </span>
     <span class='ocr_line' id='line_1_32' title="bbox 62 1634 935 1682; baseline 0.002 -14"><span class='ocrx_word' id='word_1_199' title='bbox 62 1638 176 1669; x_wconf 88' lang='lat' dir='ltr'><strong>contra</strong></span> <span class='ocrx_word' id='word_1_200' title='bbox 190 1645 364 1681; x_wconf 88' lang='lat' dir='ltr'><strong>paganum</strong></span> <span class='ocrx_word' id='word_1_201' title='bbox 379 1635 504 1681; x_wconf 81' lang='lat' dir='ltr'><strong>possiS‚</strong></span> <span class='ocrx_word' id='word_1_202' title='bbox 522 1646 629 1682; x_wconf 91' lang='lat' dir='ltr'><strong>quam</strong></span> <span class='ocrx_word' id='word_1_203' title='bbox 642 1647 722 1671; x_wconf 87' lang='lat' dir='ltr'><strong>vera</strong></span> <span class='ocrx_word' id='word_1_204' title='bbox 736 1634 935 1682; x_wconf 89' lang='lat' dir='ltr'><strong>loquentem</strong></span> 
     </span>
     <span class='ocr_line' id='line_1_33' title="bbox 62 1682 894 1732; baseline 0.002 -14"><span class='ocrx_word' id='word_1_205' title='bbox 62 1687 177 1718; x_wconf 90' lang='lat' dir='ltr'><strong>contra</strong></span> <span class='ocrx_word' id='word_1_206' title='bbox 191 1682 364 1719; x_wconf 84' lang='lat' dir='ltr'><strong>fortunam</strong></span> <span class='ocrx_word' id='word_1_207' title='bbox 379 1685 501 1719; x_wconf 84' lang='lat' dir='ltr'><strong>armati</strong></span> <span class='ocrx_word' id='word_1_208' title='bbox 516 1691 702 1732; x_wconf 89' lang='lat' dir='ltr'><strong>contraque</strong></span> <span class='ocrx_word' id='word_1_209' title='bbox 714 1685 894 1731; x_wconf 90' lang='lat' dir='ltr'><strong>pudorem.</strong></span> 
     </span>
     <span class='ocr_line' id='line_1_34' title="bbox 63 1732 1119 1782; baseline 0 -15"><span class='ocrx_word' id='word_1_210' title='bbox 63 1732 216 1769; x_wconf 87' lang='lat' dir='ltr'><strong>Praemia</strong></span> <span class='ocrx_word' id='word_1_211' title='bbox 234 1745 327 1770; x_wconf 87' lang='lat' dir='ltr'><strong>nunc</strong></span> <span class='ocrx_word' id='word_1_212' title='bbox 344 1733 422 1777; x_wconf 86' lang='lat' dir='ltr'><strong>alia,</strong></span> <span class='ocrx_word' id='word_1_213' title='bbox 439 1739 542 1782; x_wconf 84' lang='lat' dir='ltr'><strong>atque</strong></span> <span class='ocrx_word' id='word_1_214' title='bbox 555 1734 621 1770; x_wconf 87' lang='lat' dir='ltr'><strong>alia</strong></span> <span class='ocrx_word' id='word_1_215' title='bbox 634 1735 867 1771; x_wconf 88' lang='lat' dir='ltr'><strong>emolumenta</strong></span> <span class='ocrx_word' id='word_1_216' title='bbox 887 1737 1048 1769; x_wconf 84' lang='lat' dir='ltr'><strong>notemus</strong></span> <span class='ocrx_word' id='word_1_217' title='bbox 1086 1738 1119 1767; x_wconf 85' lang='lat'><strong>35</strong></span> 
     </span>
    </p>
   </div>
  </div>
 </body>
</html>
