1373 2036
427 78 617 108 SATIRA
642 79 715 108 vn.
1023 78 1065 110 87

84 145 270 182 Contentus
284 142 374 178 sama
389 144 492 180 iaceat
511 145 672 181 Luc-anus
689 145 722 181 in
738 145 847 181 hortis

83 193 300 230 marmoreis:
331 199 363 226 at
377 193 523 229 Serrano
537 195 702 241 tenuique
713 194 825 230 Saleio
1107 205 1138 230 ’κο

83 244 190 291 gloria
204 242 417 288 quantalibet
431 243 517 289 quid
531 245 605 284 erit,
621 245 650 279 si
662 244 771 292 gloria
786 249 921 280 tantum
939 245 1014 280 est‘?

84 293 241 328 Curritur
255 291 298 326 ad
311 303 429 326 vocem
445 293 632 328 iucundam
646 299 678 328 et
690 305 829 329 carmen
845 294 975 330 amicae

83 340 286 382 Thebaidos,
309 340 431 376 laetam
445 354 557 389 quum
577 342 652 378 fecit
665 343 792 378 Statius
807 343 931 379 urbem

80 390 311 437 promisitque
322 390 433 426 diem:
464 398 555 427 tanta
570 392 751 430 dulcedine
765 397 881 438 captos

82 439 185 474 afficit
200 439 256 474 ille
270 441 418 482 animos,
436 446 599 488 tantaque
614 442 758 477 libidine
777 440 875 489 vulgi
1108 449 1140 476 85

83 489 242 532 auditur3
273 489 346 531 sed,
364 502 475 536 quum
490 491 589 538 fregit
603 490 769 526 subsellia
787 501 905 532 versu,

81 539 198 580 esurit,
217 539 377 574 intactam
394 540 506 574 Paridi
524 541 592 574 nisi
608 540 733 575 vendat
747 540 903 586 Agaven.

83 587 142 622 [lle
154 593 185 622 et
200 588 342 623 militiae
357 588 477 623 multis
494 589 637 635 largitur
651 589 832 630 honorem,

80 637 236 672 semestri
250 643 370 672 vatum
386 638 513 685 digitos
527 638 745 685 circumligat
761 648 859 672 auro.

80 685 179 729 Quod
194 697 263 722 non
276 687 360 722 dant
372 699 539 733 proceres,
551 687 790 723 dabithistrio.
818 687 871 721 Tu
880 686 1080 722 Camerinos
1108 693 1141 720 90

80 740 113 770 et
125 736 258 776 Bareas.
279 742 316 771 tu
332 737 505 771 nobilium
521 749 647 783 magna
665 737 750 771 atria
768 735 893 772 curas‘?

81 783 265 830 praefectos
282 784 423 829 Pelopea
443 784 532 825 facit,
548 785 740 820 Philomela
752 785 924 819 tribunos.

80 833 180 867 Haud
196 838 310 868 tamen
325 833 479 868 invideas
494 834 573 874 vati,
588 845 692 879 quem
707 833 840 879 pulpita
856 837 1016 878 pascunt.

80 882 167 925 Quis
181 883 243 916 tibi
255 882 457 918 Maecenas?
482 884 562 929 quis
579 894 672 917 nunc
686 883 749 918 erit
762 888 821 917 aut
835 882 1046 924 Proculeius,

81 937 138 965 aut
154 931 307 966 Fabius?
328 933 409 978 quis
420 932 515 968 Cotta
531 932 682 967 iterum?
700 932 781 978 quis
790 930 1075 967 Lentulusalter‘?
1109 938 1141 966 95

80 981 178 1015 Tunc
191 992 253 1026 par
267 981 410 1028 ingenio
422 982 573 1028 pretium
587 995 593 1017 :
622 987 706 1016 tunc
721 981 804 1016 utile
818 980 952 1021 multis,

80 1029 207 1076 pallere
220 1036 252 1062 et
267 1031 389 1061 vinum
404 1031 472 1061 toto
487 1027 618 1062 nescire
631 1027 821 1062 Decembri.

128 1078 246 1113 Vester
260 1087 361 1122 porro
374 1075 470 1111 labor
484 1075 673 1118 fecundior,
694 1076 915 1112 historiarum

81 1127 262 1172 scriptores
272 1125 289 1159 ⁶?
315 1126 400 1160 Petit
413 1125 470 1159 hic
487 1125 568 1171 plus
582 1126 756 1171 temporis,
775 1131 879 1171 atque
890 1125 956 1161 olei
970 1126 1069 1173 plus;

79 1186 231 1221 namque
244 1174 352 1210 oblita
366 1174 459 1208 modi
474 1174 658 1209 millesima
673 1175 800 1221 pagina
813 1175 928 1222 surgit
1085 1183 1137 1211 100

79 1225 254 1263 omnibus,
272 1227 304 1257 et
319 1223 438 1257 crescit
452 1222 562 1258 multa
574 1223 741 1259 damnosa
755 1235 898 1272 papyro.

77 1273 134 1309 Sic
146 1273 270 1320 ingens
285 1283 402 1307 rerum
417 1284 585 1308 numerus
599 1273 694 1308 iubet
707 1279 811 1320 atque
823 1285 968 1320 operum
982 1273 1050 1309 lex.

77 1322 171 1365 Quae
185 1328 299 1357 tamen
314 1321 394 1357 inde
407 1322 530 1370 seges?
553 1328 660 1358 terrae
673 1323 753 1369 quis
760 1322 895 1358 fructus
903 1322 1060 1369 apertae?

77 1372 163 1415 Quis
178 1371 272 1406 dabit
287 1371 460 1412 historico,
477 1377 650 1418 quantum
664 1373 760 1407 daret
772 1377 843 1407 acta
858 1371 1010 1419 legenti?

78 1421 146 1458 Sed
159 1432 292 1468 »genus
308 1420 488 1467 ignavum,
504 1421 599 1467 quod
614 1421 698 1456 lecto
711 1421 839 1468 gaudet
851 1426 883 1456 et
898 1422 1033 1457 umbra.
1043 1436 1059 1456 α
1087 1429 1137 1457 105

127 1471 188 1505 Dic
203 1471 320 1517 igitur,
338 1470 426 1516 quid
438 1469 623 1506 causidicis
637 1470 753 1505 civilia
769 1475 942 1516 praestent

76 1519 200 1561 officia,
218 1525 250 1555 et
263 1531 390 1566 magno
403 1520 544 1555 comites
559 1519 595 1555 in
609 1518 699 1555 fasce
711 1519 844 1555 libelli?

77 1570 149 1615 Ipsi
163 1581 290 1617 magna
303 1575 446 1612 sonant3
477 1569 538 1604 sed
551 1574 646 1611 tunc,
664 1580 777 1615 quum
790 1568 936 1605 creditor
950 1568 1058 1610 audit,

76 1618 333 1665 praecipue,vel
352 1619 381 1653 si
396 1620 505 1666 tetigit
519 1618 608 1654 latus
623 1619 732 1654 acrior
745 1618 817 1660 illo,

77 1669 140 1714 qui
152 1669 247 1704 venit
261 1668 304 1704 ad
321 1667 472 1704 dubium
484 1668 608 1716 grandi
621 1680 701 1704 cum
719 1668 834 1704 codice
848 1679 986 1703 nomen.
1082 1674 1134 1702 110

77 1718 175 1755 Tune
188 1718 358 1754 immensa
371 1719 447 1755 cavi
464 1719 599 1766 spirant
611 1718 790 1755 mendacia
802 1717 912 1758 folles,
