1252 2025
357 104 549 137 SATIRA
572 101 633 130 IX.
924 83 980 118 ⁴0!

210 291 583 347 ‘SATIRA
647 299 726 336 ix.

8 425 106 451 ARG.
125 421 294 453 colloquitur
312 426 369 442 cum
387 416 505 441 Nacvolo
521 412 674 444 mediceae,
689 406 735 440 qui
749 402 902 437 pauperiem
920 408 993 425 suam

71 466 200 497 deplorat,
221 464 252 487 de
271 462 365 486 ditium
380 458 548 482 cinaedm-um
561 452 671 477 avaritia
685 453 803 482 questus.
836 445 994 470 Cousolatur

71 516 130 532 eum
148 510 239 538 poeta:
265 508 291 527 at
309 504 354 526 illc
373 508 443 532 spem
463 504 564 522 omnem
583 493 683 522 abiicit,
704 498 781 522 seque
805 489 859 512 sato
872 487 904 511 ad
917 485 995 509 mise-

74 549 139 574 rium
152 557 206 572 csse.-
221 545 380 570 destinatum
393 539 518 565 ostendit.

61 613 136 655 [nv.
163 615 256 652 Scire
273 612 391 653 velim,
411 619 518 656 quare
530 606 627 641 toties
640 602 740 645 mihi,
756 597 918 640 Naevole,
934 596 995 632 tri-

547 656 609 691 stis

14 725 184 754 occurras,
203 713 311 746 fronte
324 708 483 746 obducta,
505 717 568 739 ceu
581 705 717 749 Marsya
730 700 857 734 victus.
896 722 911 725 --

16 764 108 809 Quid
121 763 185 797 tibi
199 771 278 795 cum
297 757 409 797 vultu,
427 753 566 801 qualem
580 752 770 796 deprensus
785 746 935 781 habebat

18 813 157 853 Ravola,
175 811 262 846 dum
276 806 457 851 Rhodopes
470 803 538 838 uda
553 802 629 836 terit
645 799 790 846 inguina
807 793 940 830 barba‘?

21 864 104 913 [Nos
118 860 303 906 colaphum
318 855 508 891 incutimus
524 850 688 886 lambenti
703 845 856 882 crustula
871 840 999 890 servo]

19 915 95 951 Non
110 915 181 946 erat
195 910 259 944 hac
273 907 356 941 facie
372 902 600 939 miserabilior
614 897 815 944 Crepereius

24 961 143 1002 1¹0lli0,
161 959 235 1006 qui,
255 955 423 1001 triplicem
438 962 582 987 usuram
596 953 767 995 praestare
782 949 934 991 paratus,

22 1011 154 1050 circuit,
170 1014 202 1043 et
216 1007 327 1042 fatuos
343 1015 409 1039 non
426 1001 569 1037 invenit.
617 997 713 1033 Unde
728 1000 865 1041 repente

25 1065 70 1096 tot
85 1056 214 1105 rugae‘?
241 1056 338 1091 Certe
352 1052 485 1088 modico
497 1054 689 1088 contentus,
708 1045 833 1093 agebas

26 1118 168 1144 vernam
182 1106 347 1152 equitem,
364 1101 508 1137 conviva
522 1100 593 1134 ioco
608 1096 783 1132 mordente
796 1092 937 1133 facetus,

27 1164 59 1194 et
74 1157 208 1192 salibus
221 1154 406 1190 vehemens
422 1151 509 1185 intra
524 1146 697 1194 pomoeria
713 1144 811 1179 natis.

29 1207 153 1243 Omnia
169 1215 261 1239 nunc
274 1207 406 1238 contra:
437 1199 555 1234 vultus
570 1196 701 1244 gravis,
718 1191 857 1228 horrida
871 1191 980 1225 siccae

29 1257 115 1292 silva
130 1264 258 1294 comae,
277 1251 395 1287 nullus
412 1253 478 1284 tota
494 1248 584 1282 nitor
598 1247 634 1280 in
647 1250 736 1285 cute,
754 1241 894 1289 qualem

30 1304 222 1353 praestabat
238 1301 341 1336 calidi
356 1298 548 1333 circumlita
562 1295 666 1329 fascia
684 1293 789 1328 visci:

31 1354 90 1390 sed
105 1353 285 1388 fruticante
297 1349 366 1394 pilo
381 1347 532 1393 neglecta
549 1351 581 1379 et
596 1341 754 1388 squalida
768 1349 881 1374 crura.

33 1402 125 1446 Quid
138 1400 264 1436 macies
277 1397 368 1443 aegri
383 1395 519 1434 veteris,
537 1404 640 1437 quem
656 1396 808 1435 tempore
822 1388 924 1434 longo

34 1455 135 1488 torret
149 1453 268 1496 quarta
283 1447 357 1481 dies
370 1444 524 1489 olimque
538 1441 722 1475 domestica
737 1436 868 1472 febris‘?

36 1499 229 1547 Deprendas
245 1496 351 1532 animi
367 1497 532 1528 tormenta
546 1490 680 1525 latentis
697 1489 730 1522 in
746 1497 846 1534 aegro

37 1560 185 1596 corpore,
201 1544 394 1592 deprendas
407 1549 438 1577 et
452 1541 593 1589 gaudia:
623 1538 730 1574 sumit
744 1542 932 1582 utrumque

39 1599 118 1635 inde
132 1597 289 1633 habitum
306 1594 420 1628 facies.
460 1592 568 1638 Igitur
585 1589 722 1623 flexisse
736 1586 864 1621 videris

39 1648 265 1696 propositum,
283 1649 315 1679 et
329 1644 418 1678 vitae
431 1640 621 1675 contrarius
636 1639 682 1672 ire
698 1636 814 1682 priori.

40 1699 157 1743 Nuper
171 1696 277 1736 enim,
295 1699 334 1729 ut
347 1696 470 1738 repeto,
487 1689 607 1724 fanum
621 1687 722 1722 Isidis
730 1682 1010 1732 etGanymeden,

43 1747 150 1789 Pacis,
167 1750 200 1782 et
212 1744 370 1781 advectae
384 1744 508 1776 secreta
523 1738 646 1786 palatia
662 1736 791 1772 Matris.

1049 1095 1083 1122 10

1056 1342 1090 1369 15
