1406 2047
330 98 372 132 68
685 99 964 129 IUVENALIS

329 166 440 208 foeda,
457 165 636 213 lupanaris
651 165 728 201 tulit
743 165 786 200 ad
801 165 963 212 pulvinar
976 164 1126 202 odorem.

329 217 565 263 Hippomanes
584 227 794 262 carmenque
816 215 936 261 loquar
946 243 954 257 ,
982 221 1187 262 coctumque
1212 225 1315 251 vene-

867 276 954 300 num

330 314 565 361 privignoque
579 314 699 349 datum
709 313 726 348 ἶ)
751 313 897 349 Faciunt
911 314 1066 361 graviora
1080 319 1214 349 coactae

259 370 310 399 135
331 364 476 410 imperio
489 375 607 403 sexus,
626 363 886 409 minimumque
904 363 1048 399 libidine
1064 370 1217 409 peccant.

381 413 520 460 Optima
534 412 595 447 sed
608 424 716 458 quare
729 413 897 448 Cesennia
912 418 995 448 teste
1009 412 1153 448 marito‘?

331 462 388 497 Bis
401 463 592 509 quingenta
605 461 716 504 dedit3
747 463 830 496 tanti
846 468 942 495 vocat
957 461 1014 496 ille
1027 461 1200 507 pudicam,

331 522 394 547 nec
407 511 577 557 pharetris
595 511 738 546 Veneris
753 522 866 546 macer
879 516 930 546 est
949 510 1174 556 autlampade
1190 509 1315 548 fervet:

332 561 414 596 inde
427 560 517 595 faces
530 560 667 595 ardent:
697 560 844 594 veniunt
857 572 875 594 a
889 560 966 595 dote
979 560 1134 607 sagittae.

260 614 311 644 140
332 610 488 646 Libertas
503 610 647 645 emitur:
677 620 789 644 coram
806 608 882 643 licet
897 609 1018 644 innuat
1032 616 1135 655 atque

332 659 508 700 rescribat,
525 658 631 694 vidua
645 663 706 698 est.
724 658 877 704 locuples
892 670 981 704 quae
996 659 1114 704 nupsit
1128 670 1240 694 avaro.

382 708 453 745 Cur
467 708 637 744 desiderio
650 707 793 742 Bibulae
807 708 976 743 Sertorius
990 707 1108 743 ardet?

331 758 367 794 Si
381 769 505 794 verum
519 758 685 797 excutias,
702 756 816 798 facies,
835 768 903 791 non
917 768 1006 791 uxor
1021 762 1169 791 amatur.

332 808 415 842 Tres
429 817 537 853 rugae
549 805 708 845 subeant,
726 809 757 838 et
769 815 805 838 se
817 805 906 838 cutis
921 804 1016 838 arida
1032 804 1134 844 laxet,

261 861 312 892 145
333 856 417 892 flant
431 854 570 891 obscuri
583 854 715 894 dentes,
731 852 893 899 oculique
911 854 1080 896 minores;

333 905 456 953 collige
470 903 673 945 sarcinulas,
691 903 780 938 dicet
795 902 949 943 libertus,
965 908 996 937 et
1010 902 1084 938 exi:

334 956 404 991 iam
421 954 540 1003 gravis
554 964 590 989 es
605 953 719 994 nobis,
735 957 767 987 et
781 962 881 998 saepe
894 952 1112 999 emungeris3
1141 951 1198 987 exi

333 1006 443 1046 ocius,
460 1010 492 1039 et
505 1014 667 1050 propera:
696 1003 786 1037 sicco
799 1002 892 1037 venit
907 1001 1009 1036 altera
1025 1011 1118 1036 naso.

333 1055 465 1090 Interea
478 1053 563 1088 calet
576 1058 607 1088 et
621 1057 752 1099 regnat,
771 1051 950 1098 poscitque
961 1051 1129 1086 maritum

262 1112 313 1140 ¹50
334 1109 485 1150 pastores
502 1108 534 1138 et
546 1113 648 1138 ovem
662 1101 875 1137 Canusinam
896 1100 1081 1147 ulmosque
1098 1097 1272 1135 Falernas.

336 1151 554 1196 Quantulum
570 1152 605 1186 in
620 1150 709 1186 hoc‘?
734 1162 859 1196 pueros
873 1162 1007 1191 omnes,
1024 1148 1197 1198 ergastula
1210 1153 1296 1192 tota}

335 1202 502 1249 quodque
516 1200 609 1235 domi
625 1211 693 1234 non
712 1205 808 1234 estet
822 1199 924 1233 habet
938 1200 1087 1240 vicinus,
1105 1203 1250 1234 ematur.

335 1253 453 1287 Mense
466 1249 608 1297 quidem
623 1249 779 1288 brumae,
796 1258 908 1293 quum
928 1247 995 1281 iarn
1011 1252 1178 1281 mercator
1190 1247 1291 1282 Iason

336 1301 489 1341 clausus,
511 1304 543 1334 et
557 1299 697 1333 armatis
711 1298 822 1332 obstat
835 1307 911 1331 casa
930 1295 1075 1330 candida
1090 1294 1218 1336 nautis,

267 1358 316 1386 155
337 1348 482 1398 grandia
497 1347 666 1383 tolluntur
683 1346 896 1393 crystallina,
915 1345 1068 1380 maxima
1082 1354 1204 1379 rursus

339 1398 536 1439 murrhina,
553 1395 678 1431 deinde
690 1396 832 1430 adamas
846 1394 1050 1429 notissimus
1064 1398 1096 1429 et
1108 1392 1286 1429 Beronices

338 1450 376 1484 in
391 1447 499 1495 digito
511 1445 621 1481 sactus
635 1444 832 1491 pretiosior:
862 1444 957 1478 hunc
970 1442 1063 1478 dedit
1075 1441 1159 1477 olim

340 1498 511 1533 barbarus
526 1496 686 1536 incestae,
703 1493 797 1529 dedit
810 1493 905 1527 hunc
919 1492 1071 1539 Agrippa
1083 1491 1203 1534 sorori,

340 1547 526 1583 observant
538 1545 600 1580 ubi
615 1544 697 1579 festa
713 1554 808 1578 mero
821 1541 907 1589 pede
921 1542 1060 1577 sabbata
1074 1551 1182 1589 reges,

270 1603 322 1632 160
341 1601 486 1632 etvetus
501 1593 657 1641 indulget
673 1593 816 1628 senibus
829 1591 1007 1628 clementia
1021 1591 1144 1638 porcis.

391 1644 564 1681 »Nullane
583 1643 625 1679 de
644 1643 747 1678 tantis
767 1642 933 1690 gregibus
946 1641 1007 1676 tibi
1021 1640 1127 1688 digna
1144 1639 1327 1677 videtur‘?<‹

343 1693 395 1730 Sit
409 1694 567 1734 formosa,
587 1693 724 1735 decens,
744 1692 854 1734 dives,
872 1690 1027 1734 secunda,
1045 1695 1199 1726 vetustos

343 1744 534 1792 porticibus
546 1743 707 1790 disponat
719 1753 814 1785 avos,
832 1741 986 1778 intactior
997 1740 1092 1776 omni
