1406 2047
366 58 428 90 ΗΞ
715 62 993 92 IUVENALIS

363 127 526 162 fluctibus
541 138 580 162 ac
592 127 686 161 tarda
705 127 766 173 per
784 128 889 164 densa
903 129 1066 164 cadavera
1082 141 1194 176 prora.

363 177 431 211 llas
449 177 544 211 toties
558 182 670 222 optata
686 178 800 224 exegit
813 178 921 225 gloria
936 191 1075 224 poenas.

412 226 483 260 »Da
498 227 651 272 spatium
667 226 768 268 vitae,
787 227 914 262 multos
933 228 985 269 da,
1003 229 1142 274 Iupiter,
1161 230 1314 264 annosl«

361 274 432 309 Iloc
446 281 536 310 recto
552 275 652 310 vultu
666 275 792 318 solum,
812 277 877 311 hoc
893 282 923 312 ct
936 277 1086 323 pallidus
1101 284 1210 324 optas.

291 330 341 357 190
362 324 428 359 Sed
444 336 551 370 quam
567 326 741 359 continuis
756 331 788 360 et
801 327 942 372 quantis
958 327 1057 374 longa
1071 334 1229 363 senectus

362 372 462 418 plena
478 373 605 408 malis?
618 373 811 409 Deformem
820 381 851 410 et
866 381 989 411 tetrum
1005 382 1081 412 ante
1089 376 1349 413 omniavultum

362 423 641 469 dissimilemque
656 424 724 466 sui,
741 424 930 460 deformem
945 437 1007 472 pro
1019 431 1094 461 cute
1108 426 1243 472 pellem,

361 472 657 519 pendentesque„
637 485 741 508 nenas
756 479 787 508 et
803 474 884 509 tales
900 475 1037 521 adspice
1052 487 1116 523 rur
1118 489 1166 517 as

362 521 496 568 qualeS‚
514 522 722 557 umbriferos
737 524 797 557 ubi
812 524 932 579 pandit
946 503 1114 559 TabracaD
1115 504 1235 566 saltus,

291 576 340 604 195
362 571 398 605 in
413 571 527 605 vetula
543 571 685 626 scalpit
679 583 747 606 iam
763 579 870 607 matei
885 574 986 608 simia
1006 574 1124 609 bucca.

362 620 515 655 Plurima
530 626 611 655 sunt
626 621 794 655 iuvenum
809 622 1028 659 discrimina:
1058 623 1208 669 pulcrior
1224 622 1279 658 ille

362 669 436 710 hoc,
454 675 556 715 atque
571 669 627 704 ille
643 670 728 712 alio;
759 671 869 705 multo
883 672 939 705 hic
953 673 1125 706 robustior
1141 672 1219 708 illo:

361 729 430 752 una
446 730 570 752 senum
587 718 700 757 facies,
717 728 797 751 cum
811 729 892 752 voce
907 720 1086 752 trementia
1101 722 1270 762 membra,

361 772 392 801 et
408 767 476 801 iam
492 766 566 801 leve
579 771 694 812 caput,
712 766 915 813 madidique
932 766 1074 801 infantia
1090 768 1178 802 nasi

290 823 340 849 200
362 815 589 863 Frangendus
604 816 729 850 misero
742 816 866 863 gingiv
869 828 887 850 a
901 817 1001 862 panis
1017 817 1159 852 inermi:

362 877 476 911 usque
491 865 574 900 adeo
587 866 705 912 gravis
720 867 819 900 uxori
837 866 997 912 natisque
1011 867 1158 914 sibique,

361 920 400 950 ut
412 915 576 961 captatori
590 920 725 950 moveat
739 915 875 951 fastidia
890 916 1008 951 Cosso.

361 965 438 1000 Non
454 964 573 999 eadem
588 965 660 999 vini
677 971 780 1011 atque
793 966 874 1007 cibi,
892 971 1045 1011 torpente
1058 965 1183 1011 palato,

361 1014 508 1061 gaudia:
538 1026 619 1048 nam
633 1016 742 1049 coitus
759 1016 827 1049 iam
843 1015 945 1062 longa
958 1015 1103 1058 oblivio}
1136 1015 1189 1051 vel
1204 1016 1233 1050 si

290 1070 340 1098 205
361 1064 506 1104 coneris,
528 1062 612 1099 iacet
627 1065 776 1111 exiguus
791 1076 869 1099 cum
886 1065 1011 1099 ramice
1026 1076 1166 1106 nervus,

362 1118 405 1154 et,
425 1114 588 1159 quamvis
604 1119 669 1149 tota
686 1114 844 1160 palpetur
858 1120 965 1156 nocte⁷
983 1115 1118 1149 iacebit.

361 1163 461 1197 Anne
476 1162 610 1207 aliquid
625 1174 760 1208 sperare
774 1170 883 1208 potest
897 1165 979 1198 haec
996 1164 1151 1211 inguinis
1166 1164 1259 1211 aegri

363 1211 529 1246 canities?
555 1211 659 1254 Quid,
676 1212 771 1257 quod
786 1213 907 1247 merito
922 1219 1078 1256 suspecta
1094 1212 1201 1247 libido
1215 1218 1276 1254 est,

362 1272 453 1307 quae
467 1261 633 1296 Venerem
647 1259 790 1295 adfectat
805 1261 880 1294 sine
894 1261 1043 1294 viribus,
1084 1261 1232 1306 Adspice
1245 1261 1353 1306 partis

291 1317 342 1345 210
363 1321 458 1346 nunc
477 1310 649 1345 damnum
670 1309 820 1345 alterius.
862 1310 950 1344 Nam
971 1320 1061 1355 quae
1078 1314 1235 1345 cantante
1254 1310 1353 1346 volu-

825 1363 914 1404 ptas,

363 1409 409 1443 sit
423 1408 500 1443 licet
513 1407 666 1443 eximius
679 1407 911 1449 citharoedus,
927 1408 1013 1442 sitve
1027 1407 1201 1450 Seleucus,

363 1463 396 1493 et
409 1458 540 1505 quibus
555 1463 672 1492 aurata
687 1468 762 1492 mos
780 1462 831 1491 est
844 1456 974 1504 fulgere
989 1456 1144 1491 lacerna?

365 1507 457 1550 Quid
473 1507 583 1549 refert,
602 1507 721 1554 magni
736 1506 850 1541 sedeat
864 1518 933 1553 qua
948 1512 1040 1552 parte
1055 1506 1188 1548 theatri,

365 1558 427 1604 qui
442 1558 503 1593 vix
516 1558 706 1592 cornicines
721 1556 883 1591 exaudiat
897 1562 998 1602 atque
1015 1556 1178 1590 tubarum

294 1614 344 1641 215
365 1606 577 1641 concentus?
603 1606 761 1642 Clamore
774 1617 863 1652 opus
877 1611 940 1649 est,
961 1610 998 1640 ut
1011 1606 1134 1640 sentiat
1149 1605 1255 1648 auris,

365 1667 471 1702 quem
485 1656 575 1691 dicat
590 1656 726 1691 venisse
742 1667 840 1702 puer,
862 1661 946 1701 quot
961 1655 1093 1690 nuntiet
1110 1655 1219 1689 horas.

365 1707 541 1742 Praeterea
555 1706 725 1742 minimus
738 1705 853 1754 gelido
867 1706 935 1741 iam
948 1716 1087 1752 corpore
1101 1704 1245 1752 sanguis
