1406 2047
230 280 264 307 90

232 526 264 552 95

234 771 283 798 ¹00

234 1015 284 1042 105

236 1261 286 1288 110

237 1507 287 1534 115

304 105 344 139 ΞΣ
673 108 712 139 Α.
745 108 915 138 PERSII

307 175 465 209 Vindicta
475 181 655 219 postquam
673 186 766 210 meus
778 187 803 211 a¹
809 181 970 219 praetore
982 179 1117 217 recessi,

303 235 366 259 cur
378 226 460 258 mihi
472 235 539 259 non
550 227 665 265 liceat,
681 228 780 260 iussit
793 228 1024 270 quodcumque
1035 227 1204 266 voluntas,

302 279 452 317 excepto,
470 278 500 308 si
512 277 597 318 quid
610 275 748 310 Masuri
758 277 900 310 rubrica
912 274 1062 310 vetavit?

352 323 461 363 Disce,
478 323 549 369 (sed
565 323 614 357 ira
629 323 728 358 cadat
739 335 825 359 naso
838 334 1034 371 rugosaque
1047 323 1185 371 sanna)

304 371 390 406 dum
405 376 535 406 veteres
549 373 645 407 avias
660 373 723 408 tibi
737 373 779 408 de
791 373 958 420 pulmone
972 373 1106 409 revello.

305 421 382 455 Non
397 421 560 466 praetoris
573 426 656 462 erat,
673 421 791 458 stultis
802 423 884 458 dame
898 423 1014 458 tenuia
1027 433 1147 458 rerum·

304 469 428 511 officia,
447 475 550 516 atque
563 483 668 506 usum
682 472 825 518 rapidae
833 472 1145 518 permittet-evitas.

303 518 511 557 Sambucam
523 521 629 555 citius
642 521 754 555 caloni
768 522 940 567 aptaveris
953 520 1035 555 ulto.

304 567 375 602 Stat
388 574 504 603 contra
522 570 618 610 ratio,
635 575 668 604 et
680 576 843 605 secretam
858 570 980 617 gannit
995 570 1029 603 in
1047 579 1184 613 auremz,

305 628 347 652 ne
362 616 460 652 liceat
475 617 583 653 facere
599 618 644 660 id,
661 619 756 665 quod
770 619 851 666 quis
864 618 999 654 vitiabit
1013 618 1158 664 agendo.

305 666 446 701 Publica
460 666 515 702 lex
530 668 714 704 hominum
731 674 922 714 naturaque
934 668 1085 702 continet
1099 668 1162 702 hoc
1176 665 1239 709 fas,

303 721 341 750 ut
355 721 466 750 teneat
480 716 602 752 vetitos
617 718 751 752 inscitia
768 718 892 753 debilis
906 723 1015 752 actus.

303 764 416 798 Diluis
429 765 657 807 helleborum,
675 772 766 801 certo
778 777 994 810 compescere
1009 769 1138 809 puncto

299 813 442 847 nescius
457 815 628 849 examen?
657 814 755 848 Vetat
768 814 833 847 hoc
846 819 968 847 natura
982 812 1157 847 medendi.

306 862 432 896 Navim
448 861 478 896 si
493 867 609 907 poscat
623 862 690 897 sibi
706 868 891 908 peronatus
906 867 1017 896 arator

306 910 438 946 luciferi
452 911 562 952 rudis,
582 911 752 947 exclamet
767 912 949 953 Melicerta,
971 910 1101 956 perisse

306 959 452 995 frontem
466 960 508 995 de
522 961 634 995 rebus.
675 961 752 996 Tibi
767 966 856 995 recto
872 961 986 995 vivere
998 959 1066 994 talo

305 1020 359 1043 ars
373 1009 490 1043 dedit?
515 1015 547 1044 et
563 1011 633 1044 veri
646 1010 795 1056 speciem
810 1010 1012 1057 dignoscere
1028 1006 1143 1048 calles,

307 1070 351 1092 ne
363 1069 432 1103 qua
446 1058 628 1097 subaerato
641 1059 849 1095 mendosum
864 1060 988 1094 tinniat
1005 1055 1112 1093 auro‘?

305 1118 466 1152 quaeque
487 1109 663 1154 sequenda
682 1109 792 1144 forent
811 1115 844 1144 et
863 1121 954 1155 quae
968 1106 1107 1144 vitanda
1125 1105 1292 1147 vicissim,

307 1155 364 1190 illa
379 1156 476 1201 prius
489 1163 591 1195 crota,
609 1169 691 1189 mox
705 1158 787 1188 haec
802 1159 950 1188 carbone
965 1155 1114 1188 notasti?

306 1216 342 1240 es
357 1204 514 1240 modicus
528 1204 622 1238 voti‘?
647 1214 766 1250 presso
779 1202 872 1238 lare‘?
897 1203 1010 1237 dulcis
1028 1200 1175 1236 amicis?

307 1255 377 1289 iam
391 1265 485 1289 nunc
499 1253 706 1301 adstringaS.
724 1253 793 1288 iam
809 1263 901 1288 nunc
914 1251 1073 1299 granaria
1090 1249 1211 1284 laxes‘?

308 1304 416 1349 inque
431 1302 504 1341 luto
520 1304 630 1337 fixum
644 1303 757 1348 possis
773 1302 1011 1337 transcendere
1027 1310 1225 1341 nummum,

307 1363 370 1387 nec
381 1351 480 1399 gluto
492 1352 631 1387 sorbere
643 1351 790 1387 salivam
804 1350 1069 1386 Mercurialem?

308 1402 401 1436 Haec
416 1413 489 1435 mea
503 1407 591 1441 sunt,
610 1407 713 1442 teneo,
731 1412 842 1446 quum
857 1412 935 1435 vere
949 1400 1090 1441 dixeris,
1106 1407 1178 1437 esto

308 1450 466 1496 liberque
478 1462 516 1485 ac
531 1450 680 1496 sapiens,
697 1450 912 1497 praetoribus
927 1461 967 1484 ac
979 1451 1056 1484 love
1069 1451 1198 1487 dextro.

307 1499 368 1535 Sin
387 1505 436 1540 tu,
451 1511 563 1545 quum
579 1499 686 1535 fueris
699 1505 835 1535 nostrae
847 1499 964 1546 paullo
978 1504 1055 1534 ante
1068 1500 1209 1543 farinae,

308 1548 507 1595 pelliculam
521 1554 670 1584 veterem
686 1551 823 1591 retines,
839 1555 873 1584 et
886 1549 996 1584 fronte
1007 1548 1134 1596 politus

309 1603 457 1632 astutam
472 1598 599 1644 vapido
612 1610 730 1635 servas
748 1600 816 1634 sub
828 1604 962 1646 pectore
978 1598 1137 1644 vulpem:

309 1659 398 1693 quae
411 1647 573 1682 dederam
588 1660 705 1695 supra,
725 1654 849 1696 repeto,
868 1648 1056 1694 funemque
1070 1645 1207 1684 reduco.

310 1696 365 1730 Nil
383 1697 443 1731 tibi
457 1699 624 1732 concessit
638 1699 723 1733 ratio
737 1711 744 1742 ;
773 1699 923 1746 digitum
937 1708 1070 1733 exsere:
1099 1709 1228 1745 peccas,

240 1751 290 1778 120
310 1746 445 1792 Ecquid
461 1751 528 1781 tam
543 1759 691 1793 parvum
707 1748 784 1783 est‘?
810 1748 870 1783 sed
885 1747 981 1783 nullo
996 1748 1096 1783 thure
1111 1748 1239 1789 litabis,
