1252 2025
361 119 550 149 SATIRA
576 118 668 148 XIV.
941 114 1003 147 ⁴37

26 189 203 237 plagarum
219 185 374 231 strepitu,
393 191 426 220 et
439 184 572 220 nullam
590 185 710 221 Sirena
724 181 868 231 flagellis

27 241 207 284 comparat,
228 235 431 281 Antiphates
455 235 577 280 trepidi
604 234 685 269 laris
701 245 738 268 ao
752 233 1001 282 Polyphemus,

28 293 102 324 tum
119 286 208 327 felix,
224 285 358 331 quoties
374 284 500 330 aliquis
517 289 639 318 tortore
653 288 771 318 vocato

29 337 138 373 uritur
151 334 278 370 ardenti
293 334 363 369 duo
376 339 513 379 propter
528 333 631 368 lintea
646 332 757 368 serro‘?

28 385 117 429 Quid
130 383 246 420 suadet
261 384 379 418 iuveni
396 383 504 418 laetus
519 383 663 418 stridore
675 387 824 423 catenae,

27 445 130 482 quem
143 434 227 469 mire
245 433 401 468 alliciunt
416 434 518 468 inseri
523 438 579 479 pta
592 431 776 480 ergastula,
795 441 908 466 carcer

27 482 196 519 rusticus?
221 483 418 529 Exspectes,
436 487 474 518 ut
493 494 560 518 non
574 484 618 517 sit
631 481 784 516 adultera
798 481 928 527 Largae

29 532 110 574 filia,
126 543 213 579 quae
226 544 422 579 numquam
438 537 609 567 maternos
624 532 736 566 dicere
749 530 908 565 moechos

27 587 95 617 tam
108 582 171 617 cito
185 593 246 617 nec
259 587 352 617 tanto
365 583 487 626 poterit
500 587 680 615 contexere
692 590 810 620 cursu,

26 636 143 667 utnon
158 636 206 666 ter
220 630 330 665 decies
346 628 514 675 respiret?
540 628 685 664 Conscia
699 629 801 662 matri

25 680 122 728 virgo
136 679 218 715 suit:
247 691 341 714 ceras
355 689 448 713 nuno
462 679 526 712 hac
541 678 688 712 dictante
701 676 846 722 pusillas

26 729 157 773 implet,
175 733 207 761 et
221 727 263 760 ad
278 727 437 760 moechos
451 726 509 759 dat
522 726 651 759 eisdem
666 725 753 759 serre
765 724 927 760 cinaedis.

28 777 84 811 Sic
97 781 217 811 natura
235 775 346 808 iubet:
376 772 526 808 velocius
541 777 573 806 et
590 771 691 806 citius
706 782 769 806 nos

28 829 254 870 corrumpunt
267 823 430 857 vitiorum
445 821 601 867 exempla
616 821 811 863 domestica,
831 822 969 868 magnis

27 886 138 921 quum
153 873 304 908 subeunt
317 873 451 907 animos
465 871 675 906 auctoribus.
718 871 813 906 Unus
829 876 861 906 et
878 872 961 907 alter

28 923 168 959 forsitan
181 923 264 957 haec
277 927 441 968 spernant
455 922 610 962 iuvenes,
628 920 758 967 quibus
777 926 847 956 arte
858 921 1009 970 benigna

28 979 60 1008 et
75 972 212 1008 meliore
228 972 298 1007 luto
313 972 412 1006 finxit
427 971 620 1018 praecordia
638 971 756 1006 Titan:

28 1021 90 1057 sed
103 1021 253 1067 reliquos
267 1021 430 1068 fugienda
446 1026 583 1067 patrum
597 1021 742 1067 vestigia
756 1019 899 1062 ducunt,

28 1076 61 1106 et
78 1076 259 1106 monstrata
277 1071 338 1105 diu
354 1071 476 1106 veteris
495 1071 597 1105 trahit
610 1070 719 1105 orbita
733 1069 786 1105 cul
790 1081 866 1116 pae.

29 1120 210 1155 Abstineas
225 1121 329 1167 igitur
343 1120 568 1155 damnandis:
598 1120 704 1154 huius
718 1120 810 1154 enim
826 1118 880 1154 vel

32 1181 99 1204 una
114 1175 232 1215 potens
248 1171 332 1205 ratio
346 1175 407 1211 est,
425 1181 466 1204 ne
479 1169 625 1203 crimina
639 1173 753 1203 nostra
767 1172 957 1212 sequantur

28 1229 72 1253 ex
84 1219 183 1254 nobis
196 1219 302 1265 geniti
314 1231 321 1260 ;
351 1218 515 1262 quoniam
528 1216 653 1250 dociles
667 1215 845 1251 imitandis

27 1267 186 1311 turpibus
200 1276 239 1300 ac
253 1265 367 1310 pravis
382 1276 501 1300 omnes
516 1276 640 1299 sumus
653 1277 660 1308 3
690 1270 722 1300 et
736 1265 920 1300 Catilinam

26 1324 247 1361 quocumque
264 1314 299 1349 in
314 1314 443 1360 populo
460 1314 590 1354 videas,
607 1325 830 1360 quocumque
848 1314 914 1348 sub
929 1326 1010 1350 axe:

27 1363 87 1399 sed
99 1374 160 1399 nec
172 1363 299 1398 Brutus
313 1364 388 1404 erit,
404 1363 499 1397 Bruti
515 1374 577 1397 nec
593 1363 790 1397 avunculus
804 1375 969 1410 usquam.

28 1412 84 1449 Nil
97 1412 188 1448 dictu
201 1411 341 1448 foedum
356 1413 507 1458 visuque
520 1412 604 1446 haec
617 1411 738 1447 limina
753 1417 880 1460 tangat,

30 1463 117 1498 intra
129 1473 216 1509 quae
229 1473 315 1508 puer
329 1466 389 1496 est.
417 1461 539 1496 Procul
554 1461 646 1502 hinc,
657 1461 775 1507 procul
789 1462 869 1498 inde
875 1461 1011 1510 puellae

31 1510 202 1553 lenonum,
218 1516 250 1546 et
263 1517 384 1546 cantus
397 1512 629 1557 pernoctantis
642 1511 796 1557 parasiti.

30 1560 179 1597 Maxima
191 1560 333 1596 debetur
346 1572 453 1607 puero
467 1561 667 1596 reverentia.
706 1560 743 1595 Si
757 1559 845 1607 quid

31 1615 130 1656 turpe
140 1621 249 1656 paras,
269 1622 311 1645 ne
328 1616 366 1645 tu
383 1611 481 1655 pueri
499 1610 720 1645 contemseris
734 1621 862 1646 annos:

32 1658 93 1694 sed
106 1664 280 1705 peccaturo
292 1660 436 1695 obsistat
450 1660 512 1694 tibi
530 1659 624 1694 filius
639 1658 765 1694 infans.

33 1708 121 1743 Nam
134 1709 163 1744 si
177 1709 262 1756 quid
274 1709 423 1757 dignum
438 1709 598 1745 Censoris
612 1708 726 1744 fecerit
740 1709 791 1744 ira

33 1757 249 1806 quandoque,
266 1764 298 1796 et
312 1759 462 1795 similem
480 1759 544 1795 tibi
559 1770 595 1796 se
607 1769 675 1794 non
689 1769 829 1806 corpore
842 1762 977 1795 tantum

1043 239 1076 267 20

1045 485 1079 513 25

1047 731 1080 758 30

1048 977 1081 1005 35

1048 1221 1082 1250 40

1048 1467 1081 1497 45

1050 1716 1082 1742 50
