1406 2047
429 102 620 131 SATIRA
644 103 698 131 111.
1011 100 1050 132 43

70 170 297 216 compositum
318 169 372 203 ius
386 167 507 214 fasque
519 169 647 209 animo,
665 171 869 213 sanctosque
884 178 1037 204 recessus

72 220 206 260 mentm,
223 223 254 253 et
268 219 438 252 incoctum
455 228 620 264 generoso
635 221 753 262 pectus
768 216 922 251 honesto.

70 271 157 304 Haec
173 267 256 303 cedo
270 272 308 302 ut
322 266 526 302 admoveam
541 267 690 313 templis,
707 271 739 301 et
749 264 836 300 farre
851 265 967 301 litabo.

191 440 510 477 SATJRA
573 440 911 476 TERTIA.

69 562 164 588 ΑΒΘ.
181 562 223 587 Dc
237 561 333 586 inertia
350 566 376 585 et
388 561 512 585 tarditate
527 559 664 584 hominum
674 560 705 583 ad
724 567 827 584 severae
844 560 990 591 sapientiae
1002 565 1056 584 stu-

307 603 389 632 dium,
401 611 536 634 moresque
549 606 616 625 recte
630 602 808 625 moderandos.

118 650 282 704 »Nempe
295 657 361 693 hoc
378 655 547 692 adsidue?
561 657 630 691 Iam
641 655 771 691 clarum
780 667 881 691 mane
890 655 1053 691 fenestras

69 708 183 749 intrat,
202 713 234 743 et
248 713 413 755 angustas
427 706 578 741 extendit
594 705 726 741 lumine
739 707 863 741 rimas:

70 758 257 798 stertimus,
275 757 485 792 indomitum
500 755 595 801 quod
608 755 815 810 despumare
828 754 948 791 Falern
956 767 1014 791 um

71 804 231 845 sufficiat,
248 806 368 850 quinta
382 805 467 838 dum
482 804 571 838 linea
586 805 738 850 tangitur
751 805 889 839 umbra

71 853 207 899 Ecquid
224 865 298 900 agis
306 853 323 887 t
345 853 482 888 Siccas'
474 863 596 886 insana
611 852 765 887 canicula
781 863 910 887 messes

73 902 278 938 iamdudum
301 902 430 949 coquit,
451 907 484 936 ct
502 901 618 947 patula
640 912 743 946 pecus
760 913 863 937 omne
877 901 945 937 sub
958 901 1054 937 ulmo

605 956 678 985 est«
693 964 700 985 :

72 1012 164 1037 unus
179 1001 225 1035 ait
242 1001 424 1036 comitum.
439 1019 488 1026 -
510 999 698 1035 Ver-amne?
717 998 835 1034 itane?
855 1000 1056 1035 Ociusadsit

72 1054 136 1085 huc
151 1052 296 1096 aliquis!
310 1070 358 1076 -—
375 1049 530 1085 Nemon?
542 1070 591 1076 —
604 1049 783 1096 Turgescit
793 1049 900 1084 vitrea
914 1049 1013 1084 bilis:

73 1100 234 1135 finditur:
265 1099 429 1134 Arcadiae
442 1100 581 1145 pecuria
594 1099 718 1134 rudere
731 1098 837 1133 dicas.
853 1118 902 1124 —-

121 1150 190 1184 Iam
207 1148 293 1183 liber
310 1153 341 1182 et
359 1147 488 1182 bicolor
500 1148 621 1193 positis
636 1148 837 1183 membrana
852 1145 998 1193 capillis,

73 1200 178 1243 inque
190 1207 316 1231 manus
330 1196 467 1231 chartae
480 1196 680 1243 nodosaque
692 1197 788 1232 venit
802 1196 948 1231 arundo.

71 1248 168 1281 Tunc
181 1245 350 1292 queritur,
367 1256 504 1281 crassus
511 1245 644 1282 calamo
651 1246 745 1291 quod
753 1246 1048 1291 pendeathumor3

71 1296 170 1342 nigra
183 1294 276 1341 quod
293 1292 408 1328 infusa
423 1299 584 1328 vanescat
596 1295 690 1339 sepia
705 1293 866 1341 lympha;

71 1345 198 1380 dilutas
211 1343 370 1390 queritur
383 1343 534 1389 geminet
547 1343 642 1398 quod
661 1343 774 1378 fistula
788 1349 915 1389 guttas.
931 1363 979 1369 —

72 1394 101 1429 O
115 1394 220 1429 miser
233 1393 341 1438 inque
352 1391 426 1426 dies
439 1391 528 1426 ultra
546 1393 672 1427 miser.
666 1393 672 1418 ¹
701 1393 852 1426 Huccine
866 1403 980 1427 rerum

72 1441 260 1479 venimus?
285 1442 330 1476 At
342 1452 404 1476 cur
417 1451 484 1476 non
499 1441 625 1487 potius,
644 1446 829 1486 teneroque
846 1441 1012 1486 palumbo

73 1498 106 1528 et
119 1492 246 1527 similis
260 1502 383 1539 regum
397 1491 526 1537 pueris,
541 1501 692 1536 pappare
706 1490 883 1525 minutum

74 1542 200 1589 poscis,
218 1546 250 1576 et
263 1541 370 1576 iratus
385 1551 558 1575 mammae
572 1539 687 1575 lallare
701 1539 863 1575 recusas?
875 1558 924 1565 ——

124 1591 178 1626 An
191 1593 254 1626 tali
270 1593 423 1626 studeam
432 1593 577 1625 calamo.
573 1589 645 1616 9—
659 1588 860 1625 Cuiverba‘?
873 1588 1056 1632 Quidistas

76 1640 227 1675 succinis
242 1639 430 1687 ambages?
458 1640 535 1674 Tibi
551 1638 698 1674 luditur:
727 1638 840 1674 effluis
854 1650 986 1674 amens.

77 1689 320 1725 Contemnere:
350 1694 447 1724 sonat
462 1689 600 1730 vitium,
617 1699 779 1734 percussa
793 1688 945 1737 maligne

78 1739 260 1785 respondet
272 1739 376 1775 viridi
390 1750 457 1775 non
472 1744 564 1774 cocta
577 1738 690 1774 fidelia
703 1738 796 1774 limo.

1092 273 1124 299 75

1096 1154 1129 1181 10

1098 1400 1130 1426 15
