1406 2047
444 80 484 113 98
768 96 1044 134 IL‘VENALIS

670 416 677 423 '
734 436 740 441 .
806 410 872 447 iam
885 413 973 451 bene
987 418 1154 457 Lentulus
1167 425 1248 472 egit,

793 470 847 495 era
862 473 973 500 cruce.
1014 468 1084 505 Nec
1101 475 1212 509 tamen
1226 475 1292 522 ipsi

425 494 584 542 ignoscas
598 503 744 548 populo;
773 511 894 555 populi
910 513 1004 550 srons
1019 517 1138 555 durior
1151 522 1268 567 huius,

352 547 402 575 190
422 546 483 590 qui
498 547 632 584 sedetet
648 560 776 598 spectat
792 560 967 598 triscurria
981 569 1215 614 patriciorum,

419 593 622 642 planipedes
637 603 733 638 audit
748 605 884 653 Fabios7
903 613 1012 650 ridere
1024 623 1135 662 potest
1149 622 1210 668 qui

417 642 669 685 Mamercorum
684 652 813 700 alapas.
856 659 982 702 Quanti
1000 677 1060 701 sua
1076 667 1195 705 funera
1214 673 1374 710 vendant.

416 693 503 738 quid
518 695 641 732 resert‘?
666 700 829 740 Vendunt
843 709 940 745 nullo
953 722 1093 759 cogente
1110 719 1255 761 Nerone,

416 752 478 775 nec
491 743 651 781 dubitant
667 749 749 784 celsi
765 758 930 797 praetoris
946 762 1093 797 vendere
1108 764 1214 801 ludis.

343 792 393 821 195
414 789 525 837 Finge
540 799 653 830 tamen
667 798 802 844 gladios
818 803 909 846 inde,
935 812 1038 855 atque
1054 811 1135 847 hinc
1147 814 1281 862 pulpita
1296 829 1384 864 pone

413 840 500 884 quid
515 843 649 879 satius?
674 848 817 886 Mortem
833 854 882 888 sic
895 857 1085 904 quisquam
1101 864 1291 909 exhorruit,
1309 875 1346 904 ut
1358 882 1386 905 s·

411 888 592 938 zelotypus
610 895 808 943 Thymeles,
825 905 954 950 stupidi
971 908 1098 957 collega
1114 914 1294 951 Corinthi?

411 937 477 973 Res
495 940 588 977 haud
603 945 689 980 mira
706 953 832 992 tamen,
848 954 1043 993 citharoedo
1058 960 1225 1009 Principe,
1243 967 1374 1004 mimus

408 988 549 1025 nobilis,
592 993 681 1030 Haec
701 997 788 1034 ultra
809 1003 896 1047 quid
917 1007 991 1048 erit,
1016 1009 1082 1043 nisi
1102 1009 1230 1048 ludus?
1255 1015 1297 1051 Et
1311 1017 1386 1056 illu(

335 1040 385 1067 200
406 1035 554 1075 dedecus
570 1042 672 1079 Urbis
685 1046 811 1085 hahes:
841 1064 903 1088 nec
921 1056 1143 1096 mirmillonis
1159 1062 1194 1098 in
1213 1066 1332 1109 armis,

405 1097 467 1121 nec
487 1088 608 1137 clypeo
623 1093 817 1135 Gracchum
834 1112 1060 1150 pugnantem,
1077 1116 1136 1145 aut
1150 1110 1234 1149 falce
1255 1117 1378 1163 supina

403 1133 560 1183 [damnat
575 1143 667 1178 enim
684 1146 767 1182 tales
784 1149 941 1196 habitus3
972 1162 1004 1190 et
1017 1156 1159 1195 damnat
1173 1168 1205 1197 et
1218 1164 1301 1214 odit]

402 1196 464 1220 nec
475 1187 573 1234 galea
587 1190 733 1229 frontem
749 1197 944 1237 abscondit:
975 1214 1089 1241 movet
1107 1220 1182 1246 ecce
1196 1214 1377 1253 tridentem

399 1242 586 1282 postquam
606 1241 736 1279 vibrata
752 1248 934 1292 pendentia
951 1254 1032 1288 retia
1048 1255 1167 1293 dextra

327 1288 378 1316 205
399 1287 639 1334 nequidquam
653 1292 785 1329 el'sudit.
829 1299 969 1335 Nudum
987 1303 1028 1337 ad
1043 1309 1235 1350 spectacula
1252 1313 1350 1349 vultu

399 1335 511 1380 erigit,
529 1343 560 1371 et
576 1343 640 1374 tota
653 1341 742 1389 fugit
755 1350 994 1391 agnoscendus
1008 1364 1124 1390 arena.

398 1382 589 1421 Credamus
605 1391 751 1434 tunicae,
769 1394 811 1429 de
826 1395 985 1435 faucibus
999 1414 1101 1439 aurea
1119 1416 1229 1452 quum
1245 1421 1281 1446 se

397 1434 549 1481 porrigat
563 1443 594 1471 et
609 1438 711 1487 longo
727 1442 868 1480 iactetur
881 1449 973 1494 spira
987 1451 1115 1498 galero.

396 1481 487 1529 Ergo
503 1485 731 1531 ignominiam
747 1496 942 1539 graviorem
957 1501 1098 1546 pertulit
1109 1507 1204 1541 omni

322 1535 373 1562 210
395 1532 539 1568 vulnere
553 1547 632 1572 cum
649 1538 804 1578 Graccho
823 1545 942 1583 iussus
958 1561 1112 1598 pugnare
1126 1562 1269 1593 secutor.

442 1581 566 1619 Libera
581 1587 610 1620 si
625 1587 751 1625 dentur
764 1595 893 1640 populo
907 1598 1082 1648 suffragia,
1099 1604 1178 1650 quis
1196 1613 1263 1643 tam

392 1632 559 1676 perditus,
578 1641 614 1670 ut
628 1637 761 1676 dubitet
776 1642 938 1682 Senecam
954 1650 1119 1694 praeferre
1131 1654 1270 1699 Neroni,

392 1681 493 1716 cuius
507 1685 679 1731 supplicio
697 1701 763 1726 non
780 1693 899 1731 debuit
915 1709 982 1734 una
996 1702 1107 1745 parari

393 1729 507 1773 simia,
525 1745 586 1770 nec
600 1747 742 1784 serpens
761 1752 866 1786 unus,
886 1758 947 1782 nec
961 1749 1079 1786 culeus
1093 1753 1213 1789 unus?
