1406 2047
462 37 655 68 SATIRA
680 36 738 67 1v.
1050 33 1093 66 55

104 110 162 140 aut
176 113 288 140 emere
301 101 451 144 auderet,
468 114 581 150 quum
595 103 696 149 plena
708 114 746 139 ea
760 101 859 138 litora
873 102 982 140 multo

104 154 250 190 delatore
263 151 396 187 forent‘.>
420 152 570 199 dispersi
583 159 747 199 protenus
761 152 859 199 algae

105 203 324 250 inquisitores
337 207 476 249 agerent
489 213 568 237 cum
583 203 713 250 remige
730 202 837 244 nudo,

105 264 172 288 non
187 251 377 286 dubitaturi
392 251 581 299 fugitivum
596 252 708 287 dicere
721 252 865 298 piscem,
1134 257 1166 285 50

103 302 356 347 depastumque
370 300 432 337 diu
447 302 579 337 vivaria
594 302 761 342 Caesaris,
779 300 861 336 inde

103 350 261 396 elapsum
275 356 424 386 veterem
441 351 484 386 ad
498 351 683 387 dominum
699 350 823 386 debere
838 350 972 386 reverti.

102 399 238 446 Siquid
252 399 414 442 Palfurio,
430 402 460 436 si
474 401 649 436 credimus
663 400 857 441 Armillato,

103 449 278 496 quidquid
289 451 517 496 conspicuum
531 450 766 497 pulcrumque
779 455 830 484 est
847 459 996 495 aequore
1008 454 1089 490 toto,

102 510 156 533 res
172 498 245 533 fisci
260 505 322 541 est,
339 500 555 545 ubicumque
568 505 676 535 natat.
714 499 907 534 Donabitur
919 509 1013 546 ergo,
1136 504 1168 531 55

103 559 146 583 ne
158 553 286 594 pereat.
328 549 401 584 Iam
416 548 546 584 letifero
560 549 700 584 cedente
713 548 852 594 pruinis

102 603 302 639 auctumno,
321 598 391 633 iam
408 603 616 644 quartanam
636 597 858 644 sperantibus
873 596 998 644 aegris

103 646 268 682 stridebat
281 647 446 683 deformis
460 647 599 695 hyems,
616 647 854 693 praedamque
867 651 1038 681 recentem

103 696 277 731 servabat:
305 702 422 732 tamen
436 697 493 732 hic
506 702 678 743 properat,
699 696 796 732 velut
808 701 930 744 urgeat
942 696 1080 731 Auster.

103 745 219 790 thue
232 745 328 780 lacus
342 746 521 786 suberant,
531 747 605 787 ubi,
622 757 842 791 quamquam
856 746 983 786 diruta,
995 750 1108 780 servat
1136 750 1169 778 60

104 795 222 841 ignem
236 794 424 828 Troianum
439 798 471 828 et
484 794 623 828 Vestam
636 793 717 828 colit
730 794 817 828 Alba
832 794 1016 835 minorem,

103 843 235 878 obstitit
249 843 390 878 intranti
404 842 564 877 miratrix
579 842 681 877 turba
694 853 896 888 parumper.

106 893 147 928 Ut
158 893 269 933 cessit,
289 891 379 927 facili
392 896 578 938 patuerunt
590 891 730 927 cardine
743 891 878 928 valvae.

104 941 247 977 Exclusi
261 947 460 987 exspectant
473 941 626 977 admissa
639 942 782 988 opsonia
797 943 927 977 Patres.

104 993 176 1026 Itur
190 991 233 1026 ad
246 991 412 1026 Attidem.
453 992 543 1027 Tum
559 992 693 1033 Picens,
708 991 843 1036 Accipe,
859 991 960 1032 dixit,
1137 997 1170 1025 65

101 1044 251 1086 privatis
263 1045 399 1077 maiora
415 1045 519 1086 focis.-
546 1043 692 1086 yenialis
704 1047 832 1086 agatur

104 1095 166 1126 iste
184 1094 272 1134 dios,·
297 1102 446 1135 propera
459 1093 668 1126 stomachum
683 1093 808 1125 laxare
820 1092 964 1133 sa9ini3,

106 1146 135 1174 et
150 1146 209 1174 tua
220 1146 392 1174 servatum
411 1150 568 1173 consume
581 1143 618 1173 in
631 1141 770 1174 saecula
783 1140 969 1173 rhombum.

105 1190 179 1233 Ipse
193 1191 272 1231 capi
283 1189 409 1222 voluit:
437 1190 520 1232 quid
532 1187 714 1231 apertius?
738 1188 784 1223 Et
800 1193 917 1223 tamen
931 1187 982 1222 illi

102 1236 292 1284 surgebant
303 1236 440 1272 cristae.
480 1236 578 1272 Nihil
596 1243 658 1278 est,
676 1238 772 1284 quod
785 1237 922 1274 credere
940 1237 983 1272 de
996 1249 1034 1274 se
1135 1245 1169 1272 το

102 1298 171 1322 non
184 1286 305 1332 possit,
323 1297 437 1332 quum
451 1285 613 1322 laudatur
626 1288 686 1322 Dis
701 1299 810 1334 aequa
824 1293 986 1334 potestas.

102 1336 169 1371 Sed
183 1336 297 1371 deerat
310 1336 397 1381 pisci
411 1336 547 1381 patinae
561 1348 739 1372 mensura.
778 1337 955 1373 Vocantur

101 1397 183 1433 ergo
197 1386 232 1421 in
246 1384 432 1420 concilium
447 1396 617 1431 proceres,
636 1397 725 1431 quos
738 1385 854 1421 oderat
868 1386 945 1429 ille;

102 1435 136 1471 in
152 1446 303 1481 quorum
322 1434 406 1470 facie
420 1434 566 1470 miserae
582 1446 800 1482 magnaeque
813 1436 954 1471 sedebat

102 1485 213 1532 pallor
227 1485 410 1520 amicitiae.
450 1485 603 1526 Primus,
619 1484 790 1520 clamante
803 1486 972 1527 Liburno,
1134 1493 1166 1520 75

108 1535 261 1570 Currite!
286 1538 357 1570 iam
370 1535 476 1569 sedit!
502 1540 597 1580 rapta
612 1535 815 1581 properabat
829 1535 942 1570 abolla

103 1586 268 1633 Pegasus,
289 1584 460 1619 adtonitae
474 1585 608 1630 positus
622 1584 724 1620 modo
738 1584 877 1620 villicus
893 1585 999 1620 Urbi:

102 1614 204 1680 (anone
212 1613 308 1669 aliiid
314 1633 599 1681 tuncPraefecti?)
608 1646 758 1681 quorum
768 1635 922 1682 optimus
930 1635 987 1670 hic
995 1640 1099 1681 atque

104 1685 272 1731 interpres
283 1683 401 1732 legum
415 1684 671 1727 sanctissimus,
686 1685 804 1722 omnia
817 1695 1036 1733 quamquam
