1406 2047
427 121 621 151 SATIRA
652 121 709 151 VI.
1019 116 1062 152 25

77 188 220 224 Herodis
239 197 362 223 venere
379 186 463 229 dies,
482 192 655 234 unctaque
667 186 814 222 fenestra
1083 192 1133 219 180

77 238 261 284 dispositae
273 237 441 284 pinguem
457 237 620 272 nebulam
636 247 798 272 vomuere
811 234 981 276 lucernae,

76 291 248 334 portantes
263 286 382 328 violas,
402 287 619 332 rubrumque
632 285 789 331 amplexa
802 284 956 318 catinum

77 336 186 370 cauda
200 340 293 370 natat
307 336 445 383 thynni,
467 341 575 370 tumet
589 335 665 370 alba
681 333 793 369 tidelia
812 333 911 367 vino:

76 384 170 420 labra
185 396 303 418 moves
320 385 452 426 tacitus,
471 385 682 429 recutitaque
697 383 838 417 sabbata
853 380 971 427 palles.
988 400 1038 407 ·—-

76 434 174 468 Tunc
191 433 280 480 nigri
296 432 457 475 lemures,
474 444 608 478 ovoque
622 431 772 478 pericula
787 436 904 476 rupto:
1084 436 1133 463 185

76 487 160 518 tunc
173 482 321 529 grandes
337 482 428 517 Galli
442 488 568 517 etcum
583 482 685 515 sistro
698 481 792 515 lusca
806 479 963 515 sacerdos

77 532 252 566 incussere
266 531 347 566 deos
361 531 518 566 inflantes
532 542 684 576 corpora,
702 530 731 563 si
748 539 814 563 non

76 580 288 627 praedictum
303 586 351 615 ter
365 592 466 615 mane
480 585 582 625 caput
594 578 789 626 gustaveris
804 576 876 611 alli.

126 630 260 665 Dixeris
274 629 357 664 haec
371 630 459 664 inter
474 630 646 664 varicosos
659 628 877 662 centuriones
889 638 896 670 3

76 679 239 713 continuo
252 690 408 713 crassum
424 678 510 713 ridet
523 677 716 723 Vulpenius
732 677 868 723 ingens,
1084 680 1134 707 190

79 733 111 762 et
124 733 263 764 centum
275 728 421 772 Graecos
435 732 531 763 curto
542 732 700 762 centusse
713 725 846 761 licetur.

238 859 550 897 SATIRA
612 857 902 896 SEXTA.

319 941 376 969 An
399 942 606 970 caesum
632 940 832 968 BASSUM.

79 1018 135 1043 AR
144 1018 176 1041 G.
196 1017 237 1041 De
248 1016 422 1046 continentia,
435 1020 460 1040 et
471 1017 501 1040 dc
515 1020 682 1048 praepostero
697 1015 850 1040 divitiarum
863 1014 961 1043 studio,
976 1015 1060 1048 deque

91 1059 206 1084 stultitia
219 1067 319 1087 eorum,
327 1059 372 1090 qui
386 1067 431 1082 sua
438 1058 578 1082 heredibus
592 1058 759 1090 relinquunt,
767 1056 817 1088 ipsi
824 1055 878 1080 frui
886 1065 937 1079 non
946 1057 1051 1081 audent.

130 1109 301 1149 Admovit
314 1114 382 1148 iam
401 1113 525 1148 bruma
539 1112 612 1147 foco
626 1117 667 1154 te,
688 1113 803 1152 Basse,
819 1110 970 1146 Sabino?

81 1157 197 1198 iamne
211 1163 286 1209 lyra
302 1167 333 1196 et
346 1162 462 1196 tetrico
477 1162 601 1196 vivunt
616 1162 677 1195 tibi
691 1161 823 1206 pectine
836 1160 1008 1196 chordae?

82 1214 167 1248 mire
178 1210 304 1256 opifex,
321 1211 477 1245 numeris
494 1215 648 1246 veterum
666 1210 854 1256 primordia
868 1221 993 1245 vocum

79 1266 182 1307 atque
195 1271 326 1294 marem
341 1260 522 1305 strepitum
537 1260 615 1294 fidis
629 1260 818 1295 intendisse
832 1260 992 1304 Latinae3

79 1321 162 1345 mox
175 1310 318 1344 iuvenes
335 1309 463 1355 agitare
480 1310 582 1351 iocos,
600 1314 631 1344 et
645 1309 766 1355 pollice
780 1309 923 1344 honesto
1122 1315 1138 1343 5

80 1359 235 1408 egregios
250 1358 377 1393 lusisse
391 1370 502 1393 seneS.
543 1359 629 1394 Mihi
643 1370 737 1393 nune
750 1359 858 1405 Ligus
872 1369 930 1391 ora

80 1410 219 1455 intepet,
236 1408 465 1453 hibernatque
478 1419 596 1442 meum
612 1419 716 1447 mare,
734 1418 804 1453 qua
819 1406 908 1440 latus
923 1407 1046 1454 ingens

80 1458 164 1494 dant
177 1457 321 1504 scopuli,
340 1462 371 1491 et
384 1456 494 1491 multa
508 1456 589 1491 litus
604 1468 640 1491 se
654 1456 742 1491 valle
760 1460 918 1501 receptat.

82 1508 217 1542 »Lunai
231 1511 369 1552 portum
389 1511 439 1541 est
456 1517 578 1552 operae
591 1516 806 1553 cognoscere,
826 1505 958 1540 cives«

81 1557 147 1593 Cor
160 1556 256 1591 iubet
272 1556 336 1590 hoc
349 1556 455 1597 Enni,
473 1560 658 1601 postquam
672 1553 850 1589 destertuit
863 1565 939 1589 esse
1105 1561 1138 1588 10

81 1606 289 1646 Maeonides,
307 1604 458 1648 Quintus
472 1615 606 1650 pavone
624 1615 666 1639 ex
679 1603 905 1651 Pythagoreo.

82 1656 144 1690 Hic
160 1666 223 1702 ego
237 1665 380 1690 securus
393 1654 502 1701 vulgi,
518 1659 550 1688 et
564 1653 650 1700 quid
663 1657 838 1699 praeparet
850 1652 977 1688 Auster

83 1704 202 1740 infelix
219 1703 332 1750 pecori
347 1717 353 1738 :
383 1715 525 1739 securus
539 1708 582 1744 et,
600 1702 750 1749 angulus
765 1701 823 1736 ille

82 1754 187 1789 vicini
202 1758 318 1790 nostro
331 1754 413 1800 quia
428 1753 602 1801 pinguior.
642 1752 716 1787 Etsi
730 1751 814 1787 adeo
828 1761 948 1786 omnes
