1406 2047
213 251 246 278 90

213 546 247 574 95

290 78 352 111 ⁴04
637 81 916 111 IUVENALIS

286 146 438 194 legatum
452 157 555 182 omne
572 147 678 193 capis,
695 157 758 182 nec
769 159 839 182 non
857 155 890 182 et
903 148 1002 184 dulce
1015 148 1200 185 caducum.
1401 150 1406 191 l

285 195 476 232 Commoda
489 202 659 242 praeterea
674 197 862 243 iungentur
877 197 984 233 multa
999 198 1150 239 caducis,
1401 193 1406 250 i

285 246 314 279 si
330 257 530 287 numerum,
553 246 581 280 si
603 252 670 281 tres
685 246 886 291 implevero.
926 248 996 282 Irv.
1025 248 1116 282 Iusta
1131 247 1270 289 doloris,
1404 254 1406 296 Ι

284 294 446 335 Naevole‚
463 306 566 329 causa
581 295 642 330 tui.
683 295 809 330 Contra
824 301 937 330 tamen
954 296 1010 331 ille
1025 297 1112 343 quid
1127 296 1243 332 affert?

285 344 394 378 Nasv.
423 343 594 391 Negligit,
617 349 722 390 atque
744 345 852 380 alium
874 345 1032 390 bipedem
1051 347 1119 381 sibi
1140 347 1273 393 quaerit

821 394 982 429 asellum.

286 441 376 476 Haec
393 440 458 476 soli
475 443 662 477 commissa
677 443 740 478 tibi
757 442 867 478 celare
882 449 1067 486 memento,

285 495 318 525 et
331 491 455 525 tacitus
471 497 603 526 nostras
618 492 706 527 intra
722 498 752 527 te
768 493 833 540 sige
847 493 1018 539 querelas.

285 540 375 574 Nam
393 551 446 575 res
461 540 633 575 mortifera
648 547 698 576 est
715 543 877 577 inimicus
892 543 1029 589 pumice
1044 541 1142 577 levis.

286 588 354 631 Qui
368 589 471 624 modo
484 595 654 625 secretum
668 592 898 632 commiserat,
916 592 1010 626 ardet
1024 598 1054 627 et
1069 592 1152 633 odit,

285 643 465 685 tamquam
479 639 703 685 prodiderim,
726 641 901 686 quidquid
923 641 1006 675 scio.
1051 639 1275 675 Sumenescr·

821 700 913 728 rum,

285 735 377 771 fuste
390 736 521 781 aperire
534 741 648 781 caput,
665 736 842 771 candelam
859 747 1029 782 apponere
1044 735 1157 771 valvis

285 795 355 820 non
369 784 517 819 dubitat.
559 786 629 820 Nec
641 791 841 820 contemnas
856 792 913 820 aut
929 785 1108 831 despicias,
1126 785 1220 831 quod

214 841 265 868 100
286 834 341 868 his
356 834 483 880 opibus
498 845 692 881 numquam
713 847 790 870 cara
805 842 855 870 est
870 846 1005 870 annona
1021 835 1156 869 veneni.

285 884 379 930 Ergo
395 883 527 918 occulta
542 889 596 931 teg
589 896 646 926 es,
666 890 704 919 ut
717 886 813 919 curia
827 885 946 919 Martis
960 884 1115 919 Athenis

286 933 358 968 Icv.
396 932 425 967 Ο
446 932 620 979 Corvdon,
640 913 816 979 ὶροῑῃᾱοη,
840 940 1009 966 secretum
1025 932 1142 966 divitis
1161 932 1275 967 ullum

286 992 362 1016 esse
379 980 506 1027 putas?
531 980 628 1016 Servi
647 986 685 1015 ut
700 986 840 1022 taceant
860 982 1013 1016 iumenta
1029 980 1224 1027 loquentur,

286 1036 319 1065 et
332 1030 439 1065 canis.
457 1036 489 1064 et
503 1035 630 1076 postes
647 1035 679 1064 et
692 1042 876 1066 maimora.
917 1030 1047 1065 Claude
1061 1029 1237 1071 fenestras,

215 1087 265 1114 105
285 1078 362 1114 vela
376 1085 492 1126 tegant
505 1081 622 1119 rimas,
645 1081 750 1127 iunge
764 1081 861 1120 ostia,
878 1079 986 1115 tollito
999 1079 1118 1115 lumen

287 1140 306 1163 e
322 1128 456 1171 medi0;
491 1127 640 1162 clament
660 1140 792 1162 omnes.
835 1131 942 1174 Prope
963 1140 1065 1164 nemo
1080 1128 1274 1164 recumbat:

289 1177 384 1223 quod
398 1182 511 1212 tamen
527 1177 569 1211 ad
583 1183 723 1211 cantum
739 1177 823 1223 galli
840 1176 916 1211 facit
931 1177 988 1211 illc
1001 1178 1158 1218 secundi,

287 1227 472 1272 proximus
488 1231 565 1261 ante
579 1226 670 1261 diem
685 1237 794 1272 caupo
809 1226 907 1260 sciet:
938 1225 1054 1259 audiet
1066 1231 1109 1267 et,
1128 1236 1218 1271 quae

289 1275 467 1310 finxerunt
484 1276 611 1321 pariter
625 1275 800 1315 librarius,
819 1274 1053 1320 archimagiri,

218 1331 269 1359 110
289 1329 478 1370 carptores,
529 1324 630 1366 Quod
650 1325 743 1358 enirn
758 1324 917 1358 dubitant
931 1334 1134 1368 componere
1147 1324 1276 1358 crimen

290 1375 326 1409 in
340 1374 512 1414 dominos,
531 1373 666 1419 quoties
680 1373 882 1407 rumoribus
896 1372 1111 1407 ulciscuntur

289 1422 426 1459 baltea‘?
452 1424 521 1457 Neo
534 1423 652 1463 deerit,
673 1423 733 1468 qui
750 1428 781 1457 te
795 1434 855 1468 per
869 1423 1015 1467 compita
1029 1427 1169 1468 quaerat

291 1472 478 1513 nolentem,
499 1479 531 1506 et
544 1473 707 1506 miseram
723 1472 866 1506 vinosus
881 1471 1023 1506 inebriet
1038 1483 1166 1505 aurem.

292 1522 373 1559 Illos
388 1533 468 1569 ergo
483 1533 594 1568 roges,
611 1521 786 1567 quidquid
801 1520 904 1567 paulo
918 1526 995 1555 ante
1007 1520 1144 1566 petebas

221 1578 272 1606 115
293 1572 440 1607 anobis.
481 1571 626 1605 Taceant
641 1570 709 1605 illi:
740 1570 799 1604 sed
814 1570 954 1616 prodere
968 1569 1102 1604 malunt

294 1628 473 1659 arcanum,
491 1631 598 1665 quam
613 1620 767 1666 subrepti
782 1626 897 1666 potare
911 1619 1059 1660 Falerni,

294 1680 356 1715 pro
370 1668 498 1715 populo
514 1669 642 1704 faciens
657 1675 828 1715 quantum
844 1669 994 1704 Laufella
1010 1667 1162 1703 bibebat.

295 1718 494 1755 Vivendum
508 1725 596 1756 recte
609 1725 671 1761 est,
683 1731 763 1755 cum
772 1724 909 1766 propter
915 1718 1078 1766 plurima,
1090 1723 1166 1754 tum
1173 1716 1215 1752 de
1224 1715 1280 1752 his
