1406 2047
254 410 303 436 120

251 654 301 683 125

250 901 301 929 ¹30

250 1147 300 1175 135

327 87 368 120 36
677 88 953 118 IUVENALIS

325 167 484 204 quaeque
498 153 644 190 salutato
657 155 799 200 crepitat
811 154 997 191 Concordia
1012 155 1106 191 nido.

375 206 442 241 Sed
455 217 567 252 quum
582 215 746 239 summus
760 204 869 238 honor
884 204 980 239 finito
992 211 1166 251 computet
1181 218 1284 249 anno,

325 254 478 301 sportula
497 254 583 301 quid
601 253 732 294 referat,
749 258 921 299 quantum
936 255 1126 290 rationibus
1141 255 1261 292 addat:

325 305 412 351 quid
427 304 550 339 sacient
563 304 718 345 comites,
735 303 867 349 quibus
881 302 963 338 hinc
976 309 1065 351 toga,
1083 304 1216 341 calceus
1230 305 1313 342 hinc

861 358 923 394 est,

323 408 355 437 et
369 403 469 448 panis
482 402 672 447 sumusque
687 401 806 436 domi‘?
830 402 1041 438 Densissima
1053 409 1192 438 centum

324 451 535 498 quadrantes
551 451 666 486 lectica
682 452 776 498 petit,
795 452 1024 498 sequiturque
1037 454 1200 489 maritum

324 501 490 548 languida
505 501 558 536 vel
575 512 770 548 praegnans
785 506 817 535 et
829 501 1100 536 circumducitur
1112 513 1205 538 uxor.

322 551 385 585 Hic
397 551 480 596 petit
498 551 643 591 absenti,
662 555 740 585 nota
756 551 825 584 iam
838 550 986 585 callidus
999 555 1081 593 arto,

323 599 507 634 ostendens
524 611 669 635 vacuam
685 604 716 634 et
730 599 882 634 clausam
900 611 964 646 pro
981 600 1127 647 coniuge
1141 599 1271 635 sellam.

325 648 427 684 Galla
442 661 516 684 mea
530 656 588 690 est,
606 649 730 695 inquit.
775 649 882 684 Citius
899 652 1042 684 dimitte.
1070 649 1250 686 Moraris?
1263 669 1311 675 —

321 697 474 739 »Prolem
494 698 605 740 Galla,
623 703 761 744 caput«
775 719 824 724 ——-
839 699 920 733 Noli
933 711 1072 740 vexare,
1091 703 1247 744 quiescit.

370 748 447 793 Ipse
461 747 534 782 dies
550 748 671 794 pulcro
687 748 915 794 distinguitur
928 748 1048 782 ordine
1062 759 1196 782 rerum:
1248 786 1250 788 a

321 796 489 842 sportula,
505 797 630 830 deinde
644 796 757 830 forum
774 797 929 840 iurisque
943 797 1074 840 peritus
1088 795 1222 840 Apollo,

322 850 426 891 atque
439 843 682 890 triumphales,
701 844 789 878 inter
804 855 892 889 quas
907 855 1013 878 ausus
1026 843 1153 879 habere

321 894 437 930 nescio
451 894 532 939 quis
547 892 666 927 titulos
679 892 873 940 Aegyptius
887 898 990 939 atque
1003 892 1227 935 Arabarches,

321 945 422 979 cuius
436 943 479 978 ad
494 942 645 990 effigiem
661 953 730 977 non
745 947 879 977 tantum
893 943 1017 977 meiere
1033 941 1084 976 sas
1101 947 1161 977 est.

322 991 511 1028 Vestibulis
526 993 654 1027 abeunt
667 997 798 1027 veteres
814 992 966 1038 lassique
979 991 1118 1026 clientes

321 1048 470 1087 votaque
484 1041 675 1088 deponunt,
692 1053 909 1088 quamquam
923 1041 1128 1087 longissima
1144 1050 1267 1076 coenae

322 1102 402 1137 spes
417 1091 561 1125 homiui⁴
612 1090 737 1126 Caules
752 1091 889 1125 miseris
903 1095 1006 1136 atque
1021 1090 1113 1136 ignis
1127 1089 1308 1125 emendus.

321 1140 461 1186 Optima
474 1140 645 1175 silvarum
659 1141 787 1175 interea
801 1139 985 1186 pelagique
1001 1139 1137 1174 vorabit

322 1201 384 1225 rex
398 1189 537 1230 horum,
556 1189 746 1234 vacuisque
759 1189 842 1222 toris
858 1194 993 1222 tantum
1009 1189 1081 1233 ipse
1097 1189 1229 1224 iacebit.

322 1240 412 1274 Nam
427 1239 469 1273 de
483 1243 530 1273 tot
544 1237 674 1284 pulcris
689 1242 721 1272 et
735 1236 812 1271 latis
825 1237 969 1272 orbibus
982 1241 1014 1270 et
1029 1241 1098 1270 tam

323 1288 478 1333 antiquis
492 1299 562 1322 una
576 1286 763 1322 comedunt
776 1286 982 1332 patrimonia
997 1296 1129 1320 mensa.

324 1336 453 1372 Nullus
469 1337 537 1370 iam
552 1337 724 1381 parasitus
739 1336 820 1370 eritl
849 1335 915 1369 Sed
932 1335 1012 1380 quis
1028 1334 1111 1369 ferat
1123 1334 1205 1369 istas

252 1391 303 1421 140
324 1386 485 1421 luxuriae
498 1383 642 1419 sordes‘?
668 1384 803 1426 Quanta
817 1394 867 1419 est
881 1384 975 1431 gula,
992 1395 1082 1430 quae
1095 1383 1162 1418 sibi
1177 1389 1263 1419 totos

324 1436 421 1482 ponit
439 1445 552 1481 aprOS‚
569 1433 698 1469 animal
712 1439 850 1480 propter
863 1434 1020 1468 convivia
1035 1434 1172 1468 natum!

326 1486 436 1520 Poena
451 1489 567 1519 tamen
581 1495 756 1530 praesenS,
775 1495 887 1530 quum
899 1488 935 1518 tu
949 1482 1093 1528 deponis
1106 1483 1271 1518 amictum

324 1533 499 1581 turgidus,
517 1539 549 1568 et
564 1533 713 1568 crudum
727 1544 898 1579 pavonem
913 1533 949 1567 in
963 1532 1083 1567 balnea
1097 1538 1224 1578 portas.

325 1584 414 1619 Hinc
427 1583 561 1618 subitae
575 1588 702 1617 mortes
718 1588 821 1629 atque
836 1583 989 1617 intestata
1002 1587 1172 1617 senectus.

255 1638 304 1667 145
325 1634 354 1669 It
368 1644 456 1668 nova
474 1644 535 1668 nec
551 1633 657 1667 tristis
671 1643 731 1678 per
743 1637 884 1667 cunctas
899 1631 1013 1667 sabula
1027 1642 1165 1666 coenas:

327 1682 465 1719 ducitur
479 1683 573 1717 iratis
588 1682 827 1728 plaudendum
842 1681 948 1717 sunus
961 1681 1090 1716 amicis.

376 1732 432 1767 Nil
447 1733 510 1768 erit
522 1731 680 1774 ulterius,
703 1732 798 1779 quod
812 1732 937 1768 nostris
954 1731 1110 1766 moribus
1124 1729 1226 1765 addat
