1406 2047
203 966 236 993 30

207 1460 241 1489 40

279 100 320 133 54
628 102 910 133 IUVENALIS

277 169 490 215 Crispinum.
539 167 633 211 Quid
646 180 742 216 agaS,
765 179 876 215 quum
891 170 965 205 dira
978 175 1010 204 et
1027 169 1156 206 foedior
1169 172 1266 207 omni

274 219 420 254 crimine
433 229 576 265 persona
592 218 666 253 est‘?
691 217 843 254 Mullum
861 230 921 254 sex
934 219 1093 255 millibus
1107 221 1202 262 emit,

276 273 481 315 aequantem
496 279 579 303 sane
593 268 738 315 paribus
753 269 904 303 sestertia
920 268 1031 311 libris,

275 322 314 353 ut
327 318 522 364 perhibent,
539 319 602 363 qui
617 318 659 353 de
673 319 811 365 magnis
827 318 955 353 maiora
971 318 1176 365 loquuntur.

274 367 469 402 Consilium
484 366 588 402 laudo
605 367 758 409 artificis,
776 369 804 403 si
820 379 963 403 munere
975 374 1068 403 tanto

274 418 385 462 praeci
389 428 494 462 puam
512 417 547 451 in
562 417 691 452 tabulis
703 428 816 453 ceram
832 418 924 452 senis
938 418 1082 453 abstulit
1095 417 1182 454 orbi.

274 467 336 501 Est
354 467 439 501 ratio
454 466 607 509 ulterior,
624 479 774 515 magnae
787 469 817 503 si
834 468 930 502 misit
944 468 1084 510 amicae,

274 527 364 562 quae
377 515 516 551 vehitur
528 516 647 553 clauso
664 517 741 552 latis
755 517 995 564 specularibus
1014 522 1123 552 antro.

272 565 330 600 Nil
348 565 414 600 tale
428 572 604 612 exspectes
619 580 626 602 ς
655 568 738 602 emit
751 568 831 602 sibi.
876 567 984 602 Multa
999 567 1171 608 videmus,

273 625 363 661 quae
376 615 484 650 miser
501 621 534 651 et
547 615 639 664 frugi
655 629 723 652 non
738 616 815 652 fecit
828 616 984 663 Apicius.
1027 618 1096 652 Hoc
1108 622 1158 658 tu,

273 665 471 700 succinctus
485 666 592 712 patria
609 667 799 712 quondam,
819 666 990 713 Crispino,
1009 665 1165 714 papyro‘?

273 714 337 749 hoc
350 715 500 760 pretium
516 716 707 761 squamae?
734 717 845 751 Potuit
862 716 1004 751 sortasse
1016 717 1162 751 minoris

273 764 433 809 piscator,
451 775 558 810 quam
575 766 692 809 piscis,
711 766 793 799 emi.
838 766 1017 799 Provincia
1034 765 1120 798 tanti

274 812 393 847 vendit
406 823 523 858 agros,
554 813 614 846 sed
629 814 776 847 maiores
791 812 942 857 Appulia
958 812 1087 846 vendit.

273 861 401 904 Quales
416 866 499 895 tunc
517 861 638 907 epulas
655 862 771 907 ipsum
786 861 934 908 glutisse
948 866 1113 907 putemus

274 910 570 956 endoperatorem,
586 922 699 957 quum
720 916 766 946 tot
780 911 946 952 sestertia,
965 916 1098 956 partem

273 961 439 1007 exiguam
457 965 489 995 et
503 960 657 995 modicae
670 965 823 995 sumtam
838 960 880 995 de
899 961 1056 1007 margine
1069 970 1204 1002 coenae,

275 1021 474 1066 purpureus
488 1011 609 1056 magni
624 1010 765 1045 ructarit
783 1021 901 1045 scurra
917 1009 1036 1052 Palati,

276 1060 344 1093 iam
360 1060 523 1106 piinceps
531 1036 720 1116 Equitum,
738 1072 865 1108 magna
879 1060 939 1106 qui
959 1070 1043 1094 voce
1055 1057 1187 1094 solebat

276 1108 424 1144 vendere
438 1109 634 1154 municipes
647 1110 771 1145 Pharia
786 1110 828 1145 de
842 1121 953 1145 merce
967 1107 1118 1145 siluros?

325 1157 454 1203 Incipe,
472 1157 643 1203 Calliope;
674 1158 752 1193 licet
766 1160 823 1192 hic
836 1159 1032 1203 considere;
1063 1170 1133 1194 non
1147 1163 1199 1193 est

275 1207 501 1246 cantandum,
519 1218 573 1241 res
587 1217 667 1242 vera
687 1208 814 1254 agitur.
854 1209 1008 1247 Narrate,
1026 1207 1162 1251 puellae

277 1256 447 1292 Pierides:
477 1256 586 1303 prosit
601 1255 701 1297 mihi,
719 1267 781 1291 vos
798 1255 929 1290 dixisse
943 1255 1096 1301 puellas!

327 1306 445 1349 Quum
461 1307 530 1341 iam
545 1306 819 1341 seminanimum
830 1304 1141 1340 laceraretFlavius
1152 1304 1271 1340 orbem

278 1355 437 1397 ultimus,
455 1360 487 1390 et
499 1355 596 1390 calvo
610 1356 753 1390 serviret
766 1356 874 1390 Roma
889 1354 1033 1399 Neroni3

279 1405 400 1440 incidit
414 1404 551 1440 Adriaci
567 1405 718 1451 spatium
733 1404 938 1439 admirabile
955 1403 1092 1439 rhombi

280 1460 358 1490 ante
378 1454 523 1490 domum
543 1455 700 1497 Veneris,
719 1465 826 1501 quam
841 1455 960 1489 Dorica
981 1454 1126 1489 sustinet
1140 1453 1271 1494 Ancon,

280 1503 510 1550 implevitque
524 1505 644 1540 sinus:
675 1516 789 1551 neque
802 1505 895 1540 enim
905 1503 1270 1542 minorhaeseratillis,

281 1565 370 1601 quos
387 1555 530 1601 operitD
510 1554 636 1589 cvlacies
654 1555 828 1596 Maeotica,
846 1559 1016 1610 ruptaque
1030 1553 1169 1589 tandem

282 1603 427 1645 solibus,
446 1603 592 1639 effundit
605 1605 770 1650 torpentis
786 1604 828 1639 ad
842 1605 926 1639 ostia
943 1604 1052 1645 Ponti,

283 1653 415 1688 desidia
429 1653 556 1696 taidos,
573 1659 606 1689 et
618 1653 722 1701 longo
738 1653 863 1702 frigoie
876 1654 1037 1701 pingues.

287 1703 440 1738 Destinat
457 1703 521 1738 hoc
535 1709 731 1739 monstrum
746 1704 891 1760 cymbae
909 1703 1042 1749 linique
1055 1701 1220 1749 magister

284 1752 438 1799 pontifici
452 1764 605 1789 summo.
647 1753 735 1796 Quis
748 1754 842 1790 enim
858 1764 1047 1801 proponeie
1063 1751 1165 1787 talem
