1252 2025
398 107 587 139 SATIRA
613 107 672 136 XI.
965 100 1020 134 121

52 193 90 218 ac
103 180 231 216 nudam
243 176 391 224 effigiem
404 175 524 222 clypco
540 172 703 221 fulgentis
715 176 747 207 et
759 171 857 205 hasta

51 229 298 278 pendentisque
311 226 365 261 dei
380 226 531 271 perituro
545 222 734 258 ostenderet
746 220 850 255 hosti.

53 278 192 326 Argenti
205 276 298 322 quod
312 280 394 314 erat,
409 274 492 309 solis
507 273 659 320 fulgebat
673 272 707 305 in
723 270 844 305 armis.

53 327 224 364 Ponebant
238 325 343 372 igitur
361 325 472 358 Tusco
485 322 607 357 farrata
621 321 732 355 catino

53 376 166 412 omnia
179 379 277 416 tunc3
308 374 439 418 quibus
456 371 620 411 invideas,
636 371 665 403 si
680 367 848 403 lividulus
862 367 923 402 sis.
1051 373 1102 400 110

0 431 3 461 i
54 423 272 470 Templorum
287 432 426 468 quoque
441 419 600 454 maiestas
615 417 834 463 praesentior,
856 423 888 451 et
901 427 969 451 vox

0 467 3 510 i
55 478 149 510 nocte
161 471 229 507 fere
243 470 356 505 media
372 469 592 513 mediamque
607 466 722 501 audita
736 477 796 511 per
814 466 951 506 Urbem,

0 536 2 575 γ
54 523 148 558 litore
161 521 203 556 ab
218 520 352 556 Oceano
367 518 475 553 Gallis
490 516 722 556 venientibus,
742 520 773 548 et
786 515 841 548 dis

0 578 1 589 ¹
54 571 203 607 osticium
219 570 306 604 vatis
319 566 574 614 peragentibuS‚
596 565 650 598 his
669 563 804 597 monuit
818 573 890 597 nos.

55 621 146 655 Hanc
161 619 262 654 rebus
279 618 384 651 Latiis
398 626 516 649 curam
531 617 702 659 praestare
715 611 845 646 solebat
1054 616 1104 643 115

53 668 166 703 fictilis
177 672 208 702 et
222 665 318 702 nullo
332 664 478 701 violatus
493 663 621 709 Iupiter
637 672 732 696 auro.

54 717 113 753 Illa
128 717 222 752 domi
237 720 331 750 natas
347 718 529 757 nostraque
543 723 585 745 ex
599 710 718 745 arbore
734 719 871 744 mensus

54 772 206 810 tempora
221 763 398 803 viderunt3
428 761 490 793 hos
510 759 643 802 iignum
659 757 768 789 stabat
783 756 818 789 in
832 766 931 797 usuS‚

56 825 221 849 annosam
236 812 265 846 si
285 811 366 845 sorte
381 818 503 843 nucem
517 806 682 840 deiecerat
696 804 824 838 Eurus.

55 864 100 898 At
112 873 204 897 nunc
217 860 384 895 divitibus
397 855 562 891 coenandi
578 853 673 888 nulla
686 853 856 898 voluptas,
1057 860 1107 888 120

57 912 106 947 nil
122 910 301 949 rhombus,
319 907 366 942 nil
380 906 479 941 dama
499 904 604 950 sapit,
625 908 742 949 putere
756 902 917 937 videntur

59 964 233 1007 unguenta
249 964 351 1004 atque
366 966 471 996 rosae,
490 954 574 989 latos
589 953 655 988 nisi
670 952 816 987 sustinet
829 952 929 986 orbes

58 1009 187 1056 grande
200 1008 296 1048 ebur,
315 1012 347 1041 et
361 1016 486 1052 magno
501 1003 662 1038 sublimis
676 1001 804 1048 pardus
819 1001 928 1043 hiatu,

58 1058 219 1094 dentibus
236 1068 278 1092 ex
293 1055 373 1097 illis,
391 1065 478 1101 quos
492 1053 595 1087 mittit
608 1057 702 1097 porta
717 1051 846 1097 Syenes

58 1113 90 1143 et
105 1107 215 1142 Mauri
229 1106 353 1141 celeres
368 1110 399 1139 et
413 1105 530 1138 Mauro
543 1101 720 1136 obscurior
738 1099 857 1140 Indus,
1060 1103 1110 1131 125

58 1162 90 1191 et
104 1167 191 1202 quos
205 1155 363 1199 deposuit
377 1153 545 1187 Nabataeo
560 1150 660 1184 belua
673 1149 774 1189 saltu,

60 1206 128 1239 iam
143 1204 268 1239 nimios
281 1202 452 1246 capitique
465 1209 600 1245 graves.
640 1197 728 1230 Hinc
741 1197 852 1243 surgit
866 1195 991 1237 orexis,

59 1253 140 1288 hinc
151 1251 325 1286 stomacho
339 1248 418 1283 bilis
433 1260 440 1281 ι
470 1258 550 1281 nam
564 1257 625 1292 pes
640 1250 821 1292 argenteus
836 1245 918 1286 illis,

58 1299 210 1336 annulus
228 1299 263 1333 in
276 1298 385 1344 digito
399 1296 492 1343 quod
507 1295 649 1330 ferreus.
689 1295 781 1340 Ergo
799 1294 989 1339 superbum

58 1349 240 1384 convivam
253 1357 367 1387 caveo,
384 1347 445 1392 qui
461 1356 516 1379 mo
528 1345 595 1378 sibi
610 1348 794 1388 comparat,
811 1348 844 1377 et
857 1354 910 1377 res
1061 1348 1112 1375 130

60 1398 202 1444 despicit
215 1397 376 1443 exiguas:
406 1395 489 1429 adeo
504 1392 599 1428 nulla
613 1392 714 1426 uncia
728 1391 828 1426 nobis

61 1452 111 1482 est
123 1447 247 1487 eboris,
265 1456 326 1479 nec
340 1443 493 1478 tessellae
509 1453 570 1477 nec
584 1440 736 1476 calculus
750 1452 793 1475 ex
807 1440 872 1475 hac

63 1496 218 1531 materia:
248 1494 335 1540 quin
350 1494 424 1538 ipsa
439 1491 621 1526 manubria
634 1489 852 1525 cultellorum

63 1555 166 1580 ossea.
209 1545 284 1578 Non
302 1548 415 1577 tamen
431 1542 486 1576 his
500 1540 571 1575 ulla
584 1551 740 1585 unquam
755 1538 896 1584 opsonia
912 1537 1000 1572 fiunt

64 1592 251 1634 rancidula,
269 1597 328 1626 aut
341 1591 416 1625 ideo
429 1591 523 1636 peior
536 1589 664 1636 gallina
679 1592 822 1622 secatur.
1063 1591 1114 1618 135

64 1641 131 1677 Sed
144 1653 205 1677 neo
218 1645 363 1676 structor
376 1640 451 1680 erit,
467 1639 522 1673 cui
537 1637 653 1672 cedere
665 1637 786 1671 debeat
798 1635 913 1670 omnis

65 1690 217 1738 pergula,
234 1689 428 1736 discipulus
442 1687 636 1734 Thrypheri
654 1686 811 1726 doctoris,
830 1683 921 1729 apud
939 1693 1044 1728 quem

66 1740 202 1776 sumine
214 1751 294 1776 cum
308 1749 436 1786 magno
450 1737 548 1784 lepus
562 1741 664 1783 atque
676 1746 757 1782 aper
769 1739 801 1770 et
817 1743 995 1780 pygargus
