1406 2047
330 99 372 134 90
683 102 961 134 IUVENALIS

326 168 576 216 Chrysogonus
590 169 712 215 quanti
727 168 855 210 doceat,
876 169 929 205 vel
945 168 1052 205 Pollio
1065 170 1187 216 quanti

326 218 500 253 lautorum
516 229 651 264 pueros,
674 224 779 253 artem
795 218 956 254 scindens
974 220 1154 255 Theodori.

324 267 452 304 Balnea
469 270 652 309 sexcentis,
669 274 700 303 et
715 268 826 314 pluris
842 269 1005 314 porticus,
1023 270 1057 304 in
1073 281 1142 316 qua

325 323 478 365 gestetur
492 318 670 359 dominus,
687 319 823 365 quoties
837 318 938 364 pluit.
979 319 1078 354 Anne
1091 330 1252 354 serenum

254 373 305 402 180
325 371 508 412 exspectet,
526 374 735 413 spargatque
752 369 822 401 luto
837 368 988 402 iumenta
1004 368 1152 403 recenti?

325 416 387 450 Hic
402 416 535 461 potius:
566 427 718 462 namque
731 416 788 450 hic
796 417 947 452 mundae
955 417 1176 465 nitetungula
1186 417 1312 453 mulae.

326 465 426 500 Parte
441 465 508 500 alia
526 465 638 513 longis
655 466 887 501 Numidarum
903 466 988 502 fulta
1002 467 1175 503 columnis

325 520 446 561 surgat
459 520 491 549 et
505 515 677 562 algentem
693 517 800 562 rapiat
814 517 966 552 coenatio
981 516 1104 553 solem.

325 563 608 610 Quanticumque
622 565 760 606 domus,
780 567 903 607 veniet,
921 567 982 611 qui
998 565 1126 601 fercula
1140 565 1236 602 docte

254 621 305 649 ¹85
325 614 518 659 componit:
548 615 672 655 veniet,
688 616 748 661 qui
766 615 995 661 pulmentaria
1008 615 1137 651 condit.

325 663 395 698 Hos
409 664 497 697 inter
511 669 650 699 sumtus
664 666 818 699 sestertia
832 665 1057 708 Quintiliano,

325 718 365 749 ut
379 712 543 755 multum,
566 713 635 749 duo
650 714 835 749 sufficient.
881 716 946 749 Res
962 714 1058 748 nulla
1073 714 1219 749 minoris

326 762 497 796 constabit
510 763 610 806 patri.
628 774 737 807 quam
753 763 860 796 tilius.
888 763 1012 796 »Unde
1031 763 1137 808 igitur
1149 767 1198 796 tot

327 810 566 853 Quintilianus
581 811 684 845 habet
697 811 853 846 saltus?<‹
882 810 1052 856 Exempla
1067 821 1240 847 novorum

256 866 306 895 190
327 859 476 895 satorum
492 861 618 895 transi:
649 860 731 896 felix
745 867 775 895 et
789 861 907 907 pulcer
921 866 953 895 et
967 872 1043 895 acer
1056 872 1064 904 ;

327 909 411 944 felix
428 915 460 944 et
474 910 612 956 sapiens
626 915 658 945 et
675 911 802 945 nobilis
821 916 852 945 et
865 921 1055 957 generosus

329 959 522 1004 appositam
538 960 657 1006 nigrae
672 959 792 994 lunam
806 960 958 993 subtexit
971 959 1102 994 alutae:

327 1008 422 1049 felix,
439 1014 551 1042 orator
565 1019 706 1054 quoque
720 1009 898 1043 maximus
911 1013 943 1043 et
960 1007 1142 1052 iaculat0r3

329 1063 373 1098 et,
390 1058 419 1092 si
433 1056 603 1103 perfrixit,
620 1063 732 1093 cantat
747 1058 845 1093 bene.
889 1058 997 1093 Distat
1011 1058 1115 1099 enim,
1133 1068 1224 1105 quae

258 1113 307 1142 195
329 1107 440 1142 sidera
455 1111 486 1141 te
504 1108 677 1152 excipiant
693 1108 793 1143 modo
808 1108 939 1154 primos
955 1108 1176 1153 incipientem

328 1156 428 1190 edere
444 1156 593 1201 vagitus,
610 1162 642 1191 et
655 1157 770 1191 adhuc
783 1169 801 1191 a
820 1163 928 1192 matre
943 1158 1140 1193 rubentem.

329 1205 365 1240 Si
385 1205 537 1240 Fortuna
551 1205 652 1245 volet,
672 1206 731 1239 [ies
745 1206 787 1240 de
803 1207 935 1240 rhetore
949 1206 1090 1241 consul:

330 1255 361 1289 si
375 1254 466 1288 volet
480 1254 563 1290 haec
576 1254 708 1295 eadem,
729 1254 789 1289 fies
802 1254 844 1288 de
858 1254 1000 1288 consule
1014 1255 1140 1288 rhetor.

330 1303 515 1339 Ventidius
547 1303 635 1350 quid
662 1304 756 1339 enim
766 1304 783 1338 ἶ)
810 1303 896 1350 quid
917 1302 1077 1338 Tullius?
1103 1314 1192 1339 anne
1212 1302 1319 1345 aliud,

867 1364 974 1398 quam

260 1408 311 1436 200
332 1400 430 1436 sidus
445 1406 477 1436 et
490 1400 613 1436 occulti
629 1401 785 1436 miranda
801 1403 950 1447 potentia
970 1401 1052 1437 sati?

332 1451 449 1485 Servis
468 1462 574 1498 regna
588 1451 734 1493 dabunt,
751 1452 897 1497 captivis
912 1453 994 1486 Fata
1008 1449 1215 1496 triumphos.

331 1500 431 1535 Felix
447 1500 504 1535 ille
520 1506 634 1536 tamen
648 1513 750 1536 corvo
765 1512 906 1548 quoque
920 1502 1027 1536 rarior
1040 1500 1131 1535 albo.

333 1550 505 1584 Poenituit
519 1550 646 1586 multos
661 1563 770 1586 vanae
788 1551 985 1597 sterilisque
998 1549 1186 1590 cathedrae,

334 1599 423 1633 sieut
437 1599 688 1647 Thrasymachi
720 1601 841 1646 probat
859 1601 972 1635 exitus
985 1605 1087 1646 atque
1100 1597 1249 1634 Secundi

260 1654 313 1682 205
335 1647 542 1684 Carrinatis:
572 1655 604 1684 et
618 1650 712 1685 hunc
727 1651 864 1696 inopem
881 1649 1027 1690 vidistis,
1043 1649 1208 1690 Athenae,

336 1697 384 1732 nil
401 1703 531 1743 praeter
545 1699 677 1745 gelidas
695 1711 798 1734 ausae
810 1699 962 1735 conferre
973 1699 1114 1733 oicutas.

336 1747 377 1781 Di
397 1747 570 1784 maiorum
593 1748 731 1784 umbris
749 1754 889 1786 tenuem
903 1753 936 1785 et
949 1749 1024 1785 sine
1035 1746 1187 1795 pondere
1200 1751 1325 1782 terram
