1406 2047
327 73 389 106 424
675 74 952 103 IUVENALIS

324 141 536 189 effugiatque
553 146 678 187 togam.
718 140 791 175 Iam
805 151 899 176 nunc
914 140 950 176 in
964 139 1099 182 balnea,
1115 140 1211 177 salva

252 199 303 226 203
324 190 446 232 fronte,
464 190 541 225 licet
554 190 671 230 vadaS‚
689 201 906 236 quamquam
920 189 1029 225 solida
1043 191 1126 225 hora
1141 191 1293 236 supersit

257 1233 290 1260 10

257 1477 291 1505 15

259 1723 292 1751 20

325 240 367 276 ad
382 246 529 274 sextam.
571 240 694 273 Facere
708 239 772 273 hoc
787 250 855 274 non
869 239 981 285 possis
995 240 1153 286 quinque
1166 240 1290 276 diebus

325 290 511 325 continuis.
528 289 611 334 quia
625 294 707 323 sunt
720 287 798 322 talis
812 299 951 334 quoque
965 288 1072 324 taedia
1087 290 1175 324 vitae

325 349 463 387 magna.
502 337 702 384 Voluptates
716 337 935 374 commendat
947 338 1054 376 rarior
1065 349 1164 374 usus

585 512 901 550 SATIRA
962 514 1064 550 XII.

329 605 424 630 ARG.
444 605 600 630 Gratulatus
613 605 696 630 amico
714 606 819 630 felicem
837 614 868 630 ex
879 610 1034 638 tempestate
1049 606 1163 630 reditum
1177 610 1201 630 ct
1214 605 1312 630 sacrifi-

389 646 459 670 cium
477 647 576 671 idcirco
595 648 742 678 pollicitus,
763 657 815 671 non
831 652 919 672 lamen
936 657 961 671 ac
975 648 1025 672 hoc
1038 648 1123 671 facere
1136 649 1183 677 ait,
1196 653 1225 672 ut
1238 648 1313 671 here-

388 688 497 711 ditatem
511 688 566 710 cius
579 692 676 717 capiet,
690 687 820 719 siquidem
833 690 878 712 ille
891 688 977 712 tribus
990 688 1082 712 libetis
1096 690 1222 720 gaude-u
1240 690 1313 715 deiu-

389 730 420 752 de
434 729 466 752 de
478 728 639 759 heredipciis
650 728 772 759 pluribus
785 728 902 752 disserit.

376 775 510 824 Natali,
529 781 688 824 Corvino,
705 782 762 817 die
778 783 866 817 mihi
881 781 1015 818 dulcior
1027 782 1112 819 haec
1124 783 1199 827 lux,
1254 821 1257 823 ,

327 843 396 879 qua
410 831 516 867 festus
532 832 702 878 promissa
716 831 789 867 deis
803 831 966 867 animalia
981 843 1098 879 cespes

326 886 510 927 exspectat.
550 881 694 916 Niveam
710 882 860 929 Reginae
873 881 1050 917 caedimus
1065 893 1209 930 agnam:

327 942 390 977 par
404 930 516 966 vellus
530 930 669 966 dabitur
686 932 856 979 pugnanti
870 931 1030 979 Gorgone
1043 932 1181 967 Maura:

326 980 387 1015 sed
405 980 525 1026 procul
545 986 727 1015 extensum
747 980 908 1025 petulans
926 981 1162 1027 quatithostia
1181 979 1313 1019 sunem.

328 1030 471 1076 Tarpeio
484 1034 616 1064 servata
633 1029 716 1070 Iovi,
733 1027 952 1075 frontemque
968 1036 1140 1066 coruscat:

327 1080 459 1125 quippo
476 1078 572 1113 ferox
586 1078 730 1121 vitulus,
748 1077 886 1125 templis
900 1083 1057 1114 maturus
1071 1085 1204 1122 etatae,

327 1127 616 1174 spargendusque
631 1139 735 1167 mero,
750 1139 855 1173 quem
872 1129 940 1163 iam
957 1129 1064 1175 pudet
1076 1129 1183 1164 ubera
1198 1129 1318 1164 matris

328 1177 464 1218 ducere,
481 1177 542 1222 qui
556 1182 658 1211 vexat
672 1177 824 1211 nascenti
839 1178 961 1212 robora
975 1189 1094 1214 eornu.

328 1226 365 1261 Si
380 1237 433 1260 res
447 1225 562 1271 ampla
575 1226 669 1260 domi
684 1225 881 1272 similisque
894 1225 1072 1260 affectibus
1086 1232 1186 1266 esset,

327 1275 493 1321 pinguior
508 1275 665 1320 Hispulla
680 1275 869 1310 traheretur
883 1279 1016 1317 taurus,
1033 1280 1065 1309 et
1079 1274 1151 1320 ipsa

329 1323 420 1358 mole
438 1323 547 1369 piger,
566 1335 628 1358 nec
641 1323 788 1358 finitima
806 1325 958 1359 nutritus
973 1326 1009 1358 in
1026 1323 1146 1364 herba,

329 1372 414 1407 laeta
429 1372 490 1407 sed
502 1371 685 1406 ostendens
699 1372 866 1407 Clitumni
882 1384 1008 1418 pascua
1022 1372 1165 1420 sanguis

331 1422 404 1463 iret,
421 1427 454 1456 et
468 1433 486 1456 a
499 1420 623 1468 grandi
637 1421 755 1456 cervix
768 1421 919 1456 ferienda
933 1422 1104 1463 ministro,

328 1472 373 1507 ob
387 1470 537 1506 reditum
551 1470 753 1516 trepidantis
771 1470 896 1513 adhuc,
914 1471 1155 1517 horrendaque
1169 1471 1260 1516 passi

331 1532 454 1566 nuper,
471 1525 504 1555 et
518 1520 728 1555 incolumem
747 1532 822 1556 sese
838 1521 996 1556 mirantis
1011 1521 1126 1556 amici.

329 1570 419 1604 Nam
437 1575 569 1614 praeter
582 1569 694 1617 pelagi
711 1581 825 1614 casus,
845 1576 877 1606 et
891 1570 1039 1618 fulguris
1054 1570 1161 1605 ictum

329 1618 438 1659 evasi,
457 1617 583 1652 densae
595 1619 727 1654 coelum
744 1620 953 1656 abscondere
967 1619 1125 1655 tenebrae

331 1667 424 1703 nube
437 1678 520 1708 una,
539 1666 747 1712 subitusque
759 1675 926 1701 antennas
941 1668 1080 1713 impulit
1094 1665 1197 1714 ignis,

330 1728 443 1764 quum
457 1728 494 1752 se
506 1717 658 1764 quisque
672 1716 731 1752 illo
743 1727 950 1763 percussum
962 1716 1121 1756 crederet,
1141 1721 1173 1751 ot
1187 1725 1267 1750 mox
