1406 2047
402 127 597 159 SATIRA
622 127 666 157 V.
980 125 1022 158 63

40 204 118 234 ante
132 197 230 233 illum
244 195 377 237 uxoris,
394 199 470 242 post
484 206 589 241 quem
604 193 652 230 nil
666 192 817 240 amplius
831 193 911 229 edit.

89 249 188 282 Virro
201 246 269 280 sibi
282 250 314 280 et
327 244 471 291 reliquis
485 244 690 280 Virronibus
707 244 766 279 illa
780 244 913 280 iubebit

39 307 140 344 poma
154 295 241 336 dari,
258 306 411 342 quorum
425 295 498 330 solo
511 295 662 341 pascaris
675 294 796 338 odore3
1045 300 1096 329 150

39 345 153 392 qualia
168 350 355 391 perpetuus
370 345 565 380 Phaeacum
580 349 790 380 auctumnus
804 342 969 387 habebat;

38 394 172 430 credere
185 405 276 441 quae
288 395 401 440 possis
420 395 583 441 subrepta
597 393 774 429 sororibus
791 392 898 428 Afris.

39 445 90 479 Tu
103 443 216 478 scabie
230 443 355 479 frueris
369 444 464 485 mali,
481 444 575 490 quod
590 444 626 479 in
640 454 764 491 aggere
776 442 877 483 rodit,

38 493 100 539 qui
116 493 242 540 tegitur
254 504 374 540 parma
388 499 419 528 et
432 493 541 540 galea,
559 498 787 538 metuensque
802 490 928 539 flagelli

38 542 139 578 discit
156 543 199 577 ab
212 543 346 578 hirsuta
361 543 513 577 iaculum
528 548 688 588 torquere
701 540 844 586 capella.
1048 547 1098 574 ¹55

86 592 244 626 Forsitan
260 593 437 638 impensae
449 592 632 627 Virronem
649 601 788 637 parcere
804 588 945 624 credas?

37 640 108 675 Hoc
121 641 203 688 agit,
221 647 259 676 ut
273 641 408 676 doleas:
437 653 519 676 nam
533 652 623 687 quae
635 639 824 681 comoedia,
842 639 975 675 mimus

38 690 118 736 quis
133 690 253 726 melior
268 690 424 737 plorante
436 690 543 738 gula?
568 691 659 738 Ergo
672 690 790 725 omnia
805 689 906 730 fiunt,

40 739 69 773 si
83 740 206 780 nescis,
223 745 263 773 ut
275 751 336 785 per
350 740 522 775 lacrumas
536 739 712 774 effundere
726 738 833 774 bilem

40 787 186 834 cogaris,
203 798 392 833 pressoque
405 788 467 822 diu
482 788 625 822 stridere
638 787 776 821 molari.
1048 793 1099 821 160

42 837 94 871 Tu
108 836 172 871 tibi
186 836 272 871 liber
286 836 390 872 homo
402 842 434 871 et
448 837 539 883 regis
554 836 701 870 conviva
712 835 857 870 videris.

42 886 190 932 Captum
204 890 236 920 te
249 885 369 920 nidore
382 896 465 920 suae
478 891 576 931 putat
589 884 646 919 ille
659 884 814 920 culinae:

42 946 103 971 nec
117 933 206 969 male
219 935 393 969 coniectat.
435 934 522 977 Quis
535 935 629 969 enim
643 939 713 968 tam
728 934 857 975 nudm,
873 939 913 970 ut
926 933 1027 971 illum

41 985 96 1019 bis
110 984 206 1025 ferat,
224 985 410 1019 Etruscum
425 995 532 1030 puero
546 984 576 1018 si
589 984 733 1031 contigit
747 995 885 1026 aurum,

42 1034 96 1070 vel
111 1033 225 1069 nodus
238 1038 386 1074 tantum,
402 1039 435 1069 et
449 1035 591 1081 signum
606 1033 648 1069 de
662 1044 812 1080 paupere
825 1033 922 1068 loro?
1051 1040 1102 1069 165

42 1082 127 1129 Spes
142 1083 230 1118 bene
244 1083 410 1118 coenandi
424 1095 486 1118 vos
498 1083 637 1129 decipit.
670 1083 758 1118 Ecce
775 1085 870 1117 dabit
883 1085 955 1117 iam

41 1143 202 1169 semesum
218 1135 372 1176 leporem,
390 1139 492 1176 atque
504 1135 639 1176 ahquid
651 1135 692 1166 de
704 1134 859 1166 clunibus
872 1135 964 1176 apri.

42 1183 94 1217 Ad
109 1192 169 1216 nos
182 1184 252 1215 iam
263 1185 371 1215 veniet
384 1185 496 1214 minor
508 1183 630 1214 altilis.
670 1180 754 1214 Inde
767 1185 886 1226 parato

42 1232 238 1274 intactoque
249 1239 371 1263 omnes
385 1234 418 1263 et
430 1229 547 1263 stricto
559 1240 649 1275 pane
661 1229 790 1264 tacetis.

41 1279 102 1315 Ille
114 1277 216 1324 sapit,
233 1278 296 1324 qui
310 1282 343 1312 te
360 1278 409 1312 sic
424 1279 545 1314 utitur.
585 1278 711 1314 Omnia
725 1277 813 1314 ferre
1050 1286 1101 1314 1ῖο

40 1329 70 1364 si
83 1332 180 1375 potes
193 1332 226 1363 et
239 1326 361 1361 deboe:
390 1327 603 1373 pulsandum
616 1328 742 1363 vertice
754 1338 831 1362 raso

40 1377 222 1425 praebebis
237 1375 448 1423 quandoque
460 1382 574 1422 caput,
595 1387 658 1411 nec
671 1376 759 1411 dura
771 1376 912 1411 timebis

42 1426 149 1475 flagra
161 1426 246 1474 pati,
263 1425 319 1461 bis
332 1424 444 1471 epulis
458 1431 491 1460 et
503 1425 563 1460 tali
576 1426 706 1473 dignus
721 1425 845 1461 amico.

326 1542 638 1581 SATIRA
677 1544 752 1580 VI.

44 1622 141 1647 ARG.
159 1622 227 1654 Agit
236 1622 269 1647 de
282 1621 360 1646 vitiis
371 1621 513 1646 mulierum
527 1630 588 1646 suae
600 1621 703 1653 acutis,
716 1623 870 1648 dissuadens
883 1624 966 1650 amico
974 1633 1028 1650 ma-

454 1664 619 1688 ⁴stimonium.

95 1705 213 1748 Credo
225 1712 429 1759 pudicitiam
443 1711 591 1748 Saturno
604 1723 684 1759 rege
695 1717 864 1748 moratam

47 1761 83 1796 in
96 1762 209 1804 terris,
226 1762 412 1809 visamque
423 1762 498 1805 diu,
515 1773 628 1809 quum
639 1761 765 1811 frigida
778 1773 903 1809 parvas
