1252 2025
423 85 618 114 SATIRA
642 86 687 114 X.
978 82 1041 116 417

61 154 150 190 Nam
163 163 224 200 pro
239 151 402 188 iucundis
418 152 596 198 aptissima
611 161 769 199 quaeque
782 150 915 187 dabunt
929 151 979 187 di.

62 203 178 239 Carior
190 206 240 237 aet
253 200 322 236 illis
335 201 451 243 homo,
470 212 576 248 quam
591 201 672 236 sibi.
711 202 793 242 Nos
810 201 1008 238 animorum
1063 207 1114 236 350

63 250 214 298 impulsu
228 255 260 285 et
276 261 373 285 caeca
386 261 584 298 magnaque
597 249 758 296 cupidine
771 250 877 293 ducti,

61 300 259 348 coniugium
265 300 436 355 ..petimus
454 306 662 346 partumque
675 300 814 335 uxoris:
845 305 877 335 at
892 299 960 335 illis

62 355 191 390 notum,
211 349 272 395 qui
286 350 385 394 pueri
400 349 586 396 qualisque
599 349 715 384 futura
729 349 773 384 sit
786 360 887 384 uxor.

63 399 103 434 Ut
115 404 226 433 tamen
240 403 272 433 et
285 410 405 444 poscas
420 398 566 445 aliquid,
584 409 780 445 voveasque
793 398 928 434 sacellis

60 452 147 489 exta,
162 452 194 482 et
206 447 383 482 candiduli
398 448 517 483 divina
532 447 703 483 tomacula
714 449 827 494 porci:
1063 452 1113 481 355

59 495 225 532 orandum
240 502 302 535 est,
319 503 357 530 ut
371 498 415 530 sit
429 508 528 530 mens
541 509 622 529 sana
641 498 676 529 in
694 506 833 540 corpore
846 505 943 530 sano.

59 546 192 581 Fortem
205 555 306 590 posce
319 544 490 584 animum,
507 543 628 577 mortis
643 548 768 578 terrore
782 549 966 585 carentem,

0 599 5 611 ⁶
58 594 119 641 qui
132 594 284 640 spatium
298 593 387 628 vitae
401 598 596 628 extremum
614 592 702 627 inter
719 603 865 627 munera
878 599 984 638 ponat

36 655 43 665 ⁸
57 648 209 684 naturae,
227 643 289 689 qui
303 641 389 677 serre
402 647 505 688 queat
521 652 762 688 quoscumque
776 641 921 684 labores,

57 692 185 728 nesciat
200 691 312 731 irasci,
329 691 444 735 cupiat
458 691 558 731 nihil,
576 696 608 725 et
621 691 769 736 potiores
1061 697 1112 725 360

57 738 214 775 Herculis
228 748 411 772 aerumnas
422 739 535 771 credat
550 748 741 783 saevosque
755 738 889 773 labores

58 794 91 824 et
103 789 245 828 Venere,
265 792 297 822 et
310 787 437 826 coenis,
453 791 485 821 et
497 785 616 832 pluma
630 785 863 832 Sardanapali.

59 838 222 877 Monstro.
239 836 334 882 quod
348 837 421 882 ipse
439 835 500 870 tibi
515 836 628 882 possis
642 835 740 870 dare:
770 836 893 871 semita
905 842 994 872 oerte

58 885 264 932 tranquillae
276 896 337 931 per
354 885 516 920 virtutem
532 890 623 931 patet
636 884 738 920 unica
753 886 855 920 vitae.

58 934 203 970 Nullum
218 945 348 969 numen
359 934 478 976 habes,
497 935 526 969 si
541 935 585 968 sit
596 934 796 980 prudentia3
826 934 887 970 sed
904 939 936 969 te
1061 941 1111 969 365

59 995 121 1020 nos
134 983 292 1025 facimus⁷
312 984 476 1026 Fortuna,
493 983 605 1027 deam,
622 984 785 1031 coeloque
800 983 966 1020 locamus.

335 1138 644 1176 SATIRA
685 1140 762 1175 XI.

55 1240 111 1264 AR
120 1240 152 1264 G.
173 1240 247 1264 Inter
258 1240 334 1264 ludos
345 1240 532 1271 Megalesiacos
545 1241 662 1266 invitans
675 1242 707 1266 ad
720 1250 746 1265 se
758 1242 905 1269 Persicum,
918 1242 949 1265 de
957 1241 1036 1265 luxu-

115 1281 155 1305 rin
171 1280 299 1316 iulcoem's
312 1282 375 1313 agit,
390 1287 415 1307 et
428 1291 503 1307 sumn
516 1288 608 1307 contra
621 1284 783 1312 convivium,
798 1284 831 1307 ad
842 1283 912 1315 quod
925 1283 1035 1306 amicum

114 1327 201 1352 vocnt,
221 1323 356 1353 describit,
374 1324 444 1355 frugi
463 1333 493 1348 ae
511 1325 653 1353 modicum,
667 1325 792 1356 cibosque
806 1333 835 1348 ac
847 1324 912 1348 vina
924 1325 995 1355 apud
1008 1333 1034 1348 se

115 1369 186 1394 nata,
206 1365 234 1389 in
246 1365 313 1389 villa
325 1373 370 1389 sut
383 1366 537 1390 Tiburtina.
572 1368 665 1399 ltaque
676 1371 706 1390 ut
717 1367 808 1390 veniat
820 1366 958 1396 hortatum
976 1374 1035 1390 uam

115 1405 249 1431 interdum
262 1411 287 1431 et
300 1407 376 1437 genio
390 1415 444 1431 esse
458 1407 658 1438 indulgendum.

103 1464 245 1507 Atticus
259 1472 386 1508 eximie
398 1473 428 1507 si
441 1478 569 1515 coenat,
586 1473 703 1508 lautus
716 1473 882 1517 habetur;

56 1519 87 1554 si
99 1520 250 1563 Rutilus,
267 1521 422 1557 demenS.
463 1522 556 1565 Quid
571 1523 664 1558 enim
678 1524 806 1558 maiore
820 1522 988 1558 cachinno

55 1569 223 1616 excipitur
233 1571 346 1618 vulgi,
363 1583 470 1617 quam
487 1583 619 1618 pauper
630 1571 797 1618 Apicius?
823 1572 947 1607 Omnis

55 1619 242 1663 convictus,
262 1621 426 1661 thermae,
445 1622 619 1663 stationes,
635 1633 737 1657 omne
750 1622 925 1657 theatrum

55 1665 98 1701 de
113 1667 240 1704 Rutilo.
277 1671 366 1704 Nam
381 1670 467 1705 dum
484 1670 597 1706 valida
613 1682 652 1702 ae.
664 1671 829 1704 iuvenilia
844 1669 999 1703 membra
1093 1677 1108 1703 5

56 1713 233 1751 sufficiunt
244 1718 372 1764 galeae,
389 1715 546 1763 dumque
560 1715 679 1751 ardent
692 1716 874 1764 sanguine,
891 1716 1010 1757 fertur,
