1406 2047
0 1965 6 1983 Α»
0 1845 7 1931 -Ὗρ,
0 1824 2 1830 -
0 1803 3 1810 Α,
2 1781 3 1786 Α

333 77 375 110 78
685 77 961 109 IUVENALIS

334 148 540 194 ignotosque
553 144 641 179 mihi
660 149 750 179 tenet
764 145 957 190 antiquaria
971 154 1105 186 versus,

262 202 313 231 455
333 207 397 230 nec
409 194 561 230 curanda
575 194 660 229 viris
673 194 789 239 opicae
802 194 944 240 castigat
957 194 1087 228 amicae

334 244 449 281 verba.
488 244 737 279 Soloecismum
753 242 851 277 liceat
867 242 987 277 secisse
999 242 1134 277 marito.

383 293 440 328 Nil
456 305 523 328 non
540 293 705 338 permittit
719 292 845 326 mulier
859 292 938 334 sibi,
955 297 1052 337 turpe
1066 296 1162 337 putat
1176 290 1237 332 nii,

334 354 446 389 quum
462 342 588 377 virides
601 353 758 388 gemmas
770 340 858 376 collo
871 341 1106 382 circumdedit.
1123 345 1155 376 et
1167 349 1279 387 quum

335 392 480 427 auribus
494 392 640 426 extentis
655 402 800 437 magnos
814 390 988 425 commisit
1001 390 1173 425 elenchos.

264 446 315 476 460
336 440 590 476 Intolerabilius
608 439 695 474 nihil
711 445 773 480 est,
790 451 896 485 quam
912 439 1037 473 semina
1051 438 1158 474 dives.

384 491 514 525 Interea
530 489 624 523 foeda
640 493 779 534 aspectu
795 488 1008 534 ridendaque
1020 487 1130 523 multo

335 550 425 586 pane
442 544 551 573 tumet
568 537 680 577 facies,
697 542 755 571 aut
768 538 913 584 pinguia
932 538 1132 583 Poppaeana

335 589 455 633 spirat,
476 592 507 622 et
523 587 604 621 hinc
618 587 734 621 miseri
749 587 922 621 viscantur
939 585 1033 620 labra
1049 586 1176 620 mariti.

336 637 390 672 Ad
405 636 588 671 moechum
604 636 715 670 veniet
731 635 794 670 lota
809 641 895 670 cute.
939 635 1086 677 Quando
1103 635 1212 670 videri

265 692 316 721 465
337 685 412 721 vult
424 686 572 721 formosa
586 684 706 719 domi‘?
733 685 884 719 moechis
897 683 1011 719 foliata
1026 690 1209 730 parantur:

335 735 391 770 his
405 736 543 775 emitur,
565 733 738 779 quidquid
747 733 891 779 graciles
909 734 977 767 huc
991 734 1126 767 mittitis
1141 733 1230 767 Indi.

338 783 492 818 Tandem
511 782 618 827 aperit
633 781 770 815 vultum
784 787 816 815 et
830 781 964 815 tectoria
980 781 1093 825 prima
1110 781 1262 827 reponit:

339 833 460 878 incipit
473 831 624 878 agnosci,
642 835 744 876 atque
760 829 817 864 illo
832 829 916 863 lacte
931 829 1076 870 fovetur,

339 887 476 928 propter
488 879 583 927 quod
597 890 714 914 secum
730 879 871 914 comites
884 878 999 913 educit
1017 877 1152 920 asellas,

266 938 316 966 470
338 930 437 966 exsul
455 929 714 978 Hyperboreum
729 929 758 963 si
774 928 967 962 dimittatur
981 927 1024 962 ad
1042 939 1155 962 axem.

339 980 406 1015 Sed
419 992 509 1026 quae
524 979 664 1014 mutatis
680 977 854 1013 inducitur
869 983 971 1023 atque
987 976 1120 1012 fovetur

338 1035 387 1065 tot
401 1029 691 1064 medicaminibus
705 1032 885 1073 coctaeque
899 1026 1050 1074 siliginis
1063 1025 1147 1061 ossas

339 1079 461 1124 accipit
473 1083 505 1113 et
518 1078 688 1118 madidae,
707 1077 809 1112 facies
823 1077 967 1117 dicetur,
988 1088 1031 1111 an
1046 1074 1170 1111 ulcus‘?

387 1128 450 1162 Est
464 1139 585 1172 operae
599 1127 759 1172 pretium,
781 1127 919 1172 penitus
933 1136 1148 1173 cognoscere,
1166 1130 1234 1160 toto

267 1184 319 1213 475
339 1176 426 1223 quid
440 1176 564 1211 faciant
578 1176 776 1222 agitentque
789 1175 856 1209 die.
898 1175 934 1209 Si
948 1180 1045 1209 nocte
1059 1174 1204 1209 maritus

340 1237 483 1262 aversus
498 1225 617 1265 iacuit;
647 1224 747 1269 periit
762 1223 911 1262 libraria,
929 1227 1064 1267 ponunt

340 1280 509 1310 cosmetae
524 1274 668 1314 tunicas,
688 1271 781 1306 tarde
796 1271 932 1306 venisse
947 1271 1124 1305 Liburnus

340 1324 468 1360 dicitur
482 1328 513 1357 et
527 1333 654 1368 poenas
672 1321 773 1355 alieni
787 1319 935 1365 pendere
948 1319 1062 1353 somni

342 1373 495 1420 cogitur:
524 1371 581 1406 hic
595 1368 874 1416 smngstserulas,
895 1368 996 1403 rubet
1009 1367 1066 1402 ille
1080 1366 1237 1415 flagellis,

270 1429 322 1458 480
342 1423 400 1458 hic
413 1421 561 1457 scutica:
597 1424 691 1460 sunt,
711 1430 800 1464 quae
815 1417 1000 1452 tortoribus
1015 1428 1128 1452 annua
1142 1422 1326 1462 praestent.

342 1472 518 1511 Verberat,
535 1475 639 1515 atque
652 1468 761 1503 obiter
775 1467 896 1502 faciem
912 1466 1003 1510 linit;
1035 1465 1130 1501 audit
1142 1466 1282 1507 amicas,

344 1526 404 1556 aut
422 1520 530 1555 latum
545 1519 654 1565 pictae
668 1517 775 1553 vestis
789 1516 980 1551 considerat
994 1526 1130 1558 aurum,

344 1576 377 1606 et
389 1569 516 1611 caedit3
547 1568 641 1614 longi
657 1567 777 1613 relegit
794 1570 962 1600 transacta
980 1565 1109 1606 diurni.

345 1625 378 1655 et
391 1617 511 1659 caedit,
528 1617 636 1652 donec
649 1616 750 1651 lassis
765 1615 984 1651 caedentibus
997 1614 1078 1649 ΕΧΙ

274 1674 326 1705 485
346 1669 477 1704 intonat
490 1666 716 1707 horrendum,
733 1666 802 1701 iam
817 1665 1009 1712 cognitione
1023 1667 1169 1709 peracta.

396 1715 610 1754 Praefectura
622 1715 748 1751 domus
760 1714 875 1751 Sicula
889 1725 957 1750 non
970 1713 1084 1749 mitior
1101 1711 1194 1748 aula.
