1406 2047
410 127 601 156 SATIRA
626 127 685 155 VI.
996 123 1032 156 7⁴

55 191 129 227 vela
142 191 277 231 domm,
294 195 326 226 et
340 191 453 228 adhuc
468 193 594 228 virides
610 194 644 228 in
660 192 780 227 limine
795 203 923 228 ramos.

54 241 111 276 Sic
124 241 242 275 crescit
261 252 428 276 numerus
440 255 446 283 ς
477 243 526 276 sic
542 243 629 277 liunt
641 249 714 276 octo
725 242 839 276 mariti

53 291 210 336 quinque
222 300 283 334 per
296 296 519 325 auctumnos:
549 290 649 326 titulo
666 302 719 326 res
733 290 839 337 digna
853 290 1014 339 sepulcri.
1059 297 1111 325 230

102 339 318 383 Desperanda
335 340 397 374 tibi
411 340 505 375 salva
518 340 697 376 concordia
711 351 822 375 socru.

54 386 114 422 Illa
128 386 223 421 dooet
237 388 357 433 spoliis
371 389 456 424 nudi
471 390 622 436 gaudere
635 390 767 433 mariti3

54 435 112 471 illa
125 435 232 478 docet,
251 439 369 472 missis
385 450 403 472 a
420 445 618 485 corruptore
632 438 777 479 tabellis,

53 484 102 520 nil
117 485 214 527 rude,
234 486 283 521 nil
301 487 450 533 simplex
463 489 665 523 rescribere:
696 487 822 532 decipit
835 486 894 521 illa

52 534 222 576 custodes
240 541 298 570 aut
312 548 386 571 aere
399 536 528 572 domat.
577 538 684 574 Tunc.
705 547 846 582 corpore
859 546 956 579 sano,

54 583 195 619 advocat
208 585 438 632 Archigenen,
456 597 668 631 onerosaque
682 585 786 630 pallia
802 585 913 619 iactat.

52 632 201 668 Abditus
215 634 342 669 interea
356 634 436 669 latet
449 640 480 669 et
494 641 642 670 secretus
658 634 802 675 adulter,

53 682 308 729 impatiensque
320 694 435 718 morae
447 690 559 730 pavet,
578 690 609 719 et
624 684 801 730 praeputia
815 682 924 717 ducit.

53 729 188 765 Scilicet
200 739 387 777 exspectas,
403 738 442 767 ut
456 734 565 768 tradat
582 739 690 768 mater
702 734 864 768 honestos

54 783 158 824 atque
171 779 256 814 alios
271 792 395 820 mores,
413 792 520 826 quam
533 792 621 826 quos
637 781 762 816 habet?
787 780 877 815 Utile
890 791 991 826 porro

54 827 196 863 filiolam
212 829 305 874 turpi
319 828 452 863 vetulae
469 829 655 875 producere
668 835 815 875 turpem.

102 877 206 912 Nulla
220 877 288 912 sere
302 889 404 912 causa
419 885 479 919 est,
500 879 533 913 in
548 890 617 925 qua
632 890 700 914 non
718 879 847 914 femina
861 877 955 913 litem

53 927 208 961 moverit.
248 927 394 962 Accusat
407 928 560 969 Manilia,
578 929 608 962 si
623 939 678 963 rea
694 940 762 963 non
778 933 842 963 est.

53 974 274 1021 Componunt
287 977 382 1022 ipsae
395 988 454 1022 per
468 989 504 1012 se
519 977 737 1023 formantque
754 976 902 1018 libellos,

53 1025 266 1070 principium
281 1031 384 1071 atque
398 1026 487 1061 locos
502 1027 601 1062 Celso
618 1027 745 1062 dictare
758 1031 903 1072 paratae.

101 1074 333 1109 Endromidas
348 1076 469 1115 Tvrias
483 1082 515 1111 et
529 1076 718 1112 femineum
736 1087 869 1111 ceroma

53 1123 134 1168 quis
152 1123 284 1158 nescit?
309 1130 367 1159 aut
379 1119 460 1169 quis
477 1137 546 1160 non
562 1125 650 1159 vidit
669 1125 811 1160 vulnera
823 1123 919 1169 pali?

53 1183 157 1219 quem
172 1177 270 1206 cavat
282 1172 438 1206 adsiduis
451 1173 600 1207 sudibus
613 1178 780 1219 scutoque
793 1173 940 1212 lacessit,

52 1226 156 1266 atque
167 1231 288 1254 omnes
303 1220 422 1266 implet
437 1232 612 1264 numeros,
630 1222 837 1270 dignissima
851 1233 994 1268 prorsus

52 1268 161 1305 florali
175 1273 331 1304 matrona
344 1269 445 1312 tuba3
475 1271 544 1305 nisi
563 1272 593 1306 si
607 1272 695 1317 quid
708 1273 744 1307 in
758 1271 820 1306 illo

50 1325 184 1365 pectore
196 1317 278 1363 plus
294 1318 409 1364 agitat,
425 1331 595 1366 veraeque
611 1326 752 1366 paratur
770 1331 904 1355 arenae.

51 1368 163 1411 Quem
177 1372 350 1412 praestare
362 1373 473 1413 potest
487 1369 612 1403 mulier
624 1369 755 1416 galeata
769 1369 950 1414 pudorem,

52 1428 142 1463 quae
153 1416 243 1463 fugit
256 1428 275 1450 a
289 1427 375 1451 sexu
384 1416 402 1450 ἶ)
426 1417 526 1452 Vires
544 1423 648 1452 amat.
687 1419 776 1453 Haec
786 1423 899 1452 tamen
912 1418 988 1463 ipsa

50 1467 106 1502 vir
118 1465 223 1501 nollet
238 1465 330 1500 fleri:
359 1478 440 1501 nam
455 1466 623 1512 quantula
638 1473 753 1501 nostra
768 1466 953 1512 voluptas?

51 1514 161 1557 Quale
173 1514 278 1550 decus
292 1526 421 1556 rerum,
442 1516 472 1549 si
490 1515 648 1562 coniugis
662 1516 773 1551 auctio
786 1515 868 1550 fiat?

51 1562 189 1599 Balteus
205 1569 238 1599 et
251 1565 406 1599 manicae
420 1570 450 1599 et
465 1565 587 1599 cristae
599 1565 782 1611 crurisque
795 1565 928 1599 sinistri

51 1613 238 1648 dimidium
252 1614 422 1659 tegimen:
452 1613 518 1654 vel,
536 1614 564 1647 si
579 1613 716 1648 diversa
732 1613 886 1648 movebit

50 1662 192 1707 proelia,
207 1667 245 1697 tu
258 1661 352 1705 felix,
369 1673 484 1697 ocreas
499 1662 666 1697 vendente
680 1662 809 1708 puella.

51 1711 121 1746 Hae
135 1716 228 1753 sunt,
245 1722 335 1758 quae
348 1712 442 1746 tenui
458 1711 584 1747 sudant
596 1712 633 1746 in
646 1711 796 1759 cyclade,
814 1722 965 1758 quarum

52 1759 191 1796 delicias
205 1764 237 1796 et
248 1760 459 1808 panniculus
472 1761 704 1809 bombycinus
717 1761 798 1798 urit.

1061 542 1111 569 235

1061 785 1112 814 240

1061 1031 1112 1061 245

1060 1278 1111 1306 250

1057 1523 1108 1550 255

1054 1767 1106 1795 260
