1406 2047
335 103 376 136 48
683 105 958 148 1UVENAL1s

331 172 361 205 si
375 176 453 218 toga
468 169 645 206 sordidula
658 176 720 213 est,
738 176 769 207 et
783 178 882 219 rupta
895 172 1030 208 calceus
1048 173 1132 210 alter

259 227 310 254 150
330 220 418 267 pelle
434 226 540 267 patet3
571 220 624 256 vel
640 221 668 255 si
682 227 827 256 consuto
841 222 981 258 vulnere
993 235 1148 259 crassum

333 275 437 316 atque
451 281 568 305 recens
587 270 699 305 linum
715 271 863 306 ostendit
878 283 945 307 non
960 285 1029 308 una
1047 275 1200 310 cicatrix.

331 319 387 354 Nil
404 319 505 355 babet
524 319 643 355 infelix
658 325 841 366 paupertas
855 320 977 356 durius
992 323 1027 358 in
1039 334 1086 365 se,

331 379 437 414 quam
453 369 547 415 quod
563 369 727 405 ridiculos
743 370 902 405 homines
916 370 1006 406 facit.
1050 373 1170 416 Exeat,
1190 374 1316 421 inquit,

332 418 362 452 si
376 418 488 463 pudor
501 424 564 459 est,
582 424 615 454 et
629 419 671 454 de
685 419 832 465 pulvino
848 426 968 468 surgat
981 423 1143 467 equestri,

259 473 309 501 155
329 468 430 502 cuius
446 479 498 502 res
514 468 581 515 legi
596 480 664 503 non
681 468 820 512 sufficit,
838 476 869 505 et
883 470 1022 506 sedeant
1035 469 1091 506 hic

331 515 494 552 lenonum
513 519 622 563 pueri,
641 530 863 566 quocumque
877 520 913 555 in
928 519 1054 556 fornice
1067 523 1151 557 nati.

331 566 395 601 Hic
408 565 551 612 plaudat
565 568 663 602 nitidi
680 570 858 614 praeconis
872 569 965 604 filius
980 571 1067 606 inter

332 615 509 661 pinnirapi
527 616 637 652 cultos
651 618 794 653 iuvenes
809 619 1022 666 iuvenesque
1036 620 1187 656 lanistae.

332 664 388 699 Sic
405 664 542 700 libitum
558 678 658 708 vano,
677 668 817 714 quinos
831 668 1003 710 distinxit,
1025 669 1162 705 Othoni.

259 720 310 748 100
330 713 416 756 Quis
429 726 536 762 gener
549 716 606 750 hic
620 716 749 762 placuit
763 729 868 753 censu
885 719 998 753 minor
1012 725 1114 765 atque
1128 719 1263 765 puellae

331 764 515 798 sarcinulis
529 765 666 810 impar?
691 767 772 811 quis
791 778 921 811 pauper
936 768 1099 801 scribitur
1116 768 1240 802 heres?

331 812 472 858 quando
487 813 522 847 in
540 813 685 847 consilio
699 819 750 847 est
764 814 969 848 Aedilibus?
994 814 1143 861 Agmine
1160 815 1247 851 sacto

329 861 520 896 debuerant
537 861 621 896 olim
634 867 756 897 tenues
770 863 940 910 migrasse
954 863 1116 906 Quirites.

329 911 430 946 Haud
443 910 540 946 facile
552 917 746 959 emergunt,
764 924 916 959 quorum
931 913 1120 949 virtutibus
1134 914 1246 950 obstat

258 968 308 996 165
329 972 382 996 res
397 966 544 1007 angusta
558 961 671 1006 domi;
701 962 762 997 sed
776 963 904 998 Romae
918 963 1036 998 durior
1049 963 1119 998 illis
1164 1006 1167 1008 v

330 1015 491 1045 conatus:
520 1022 648 1058 magno
665 1012 858 1058 hospitium
874 1013 1081 1054 miserabile,
1098 1025 1226 1061 magno

329 1071 509 1094 servorum
524 1066 674 1104 ventres,
690 1067 722 1097 et
737 1061 828 1110 frugi
841 1062 984 1098 coenula
999 1074 1136 1110 magno.

329 1108 512 1143 Fictilibus
527 1119 670 1142 coenare
686 1111 810 1153 pudetg
841 1112 935 1155 quod
955 1117 1054 1155 turpe
1068 1112 1208 1158 negabit

329 1157 516 1192 translatus
536 1157 652 1191 subito
671 1157 714 1191 ad
735 1158 867 1192 Marsos
887 1170 1115 1204 mensamque
1129 1160 1313 1204 Sabellam,

258 1214 309 1241 170
329 1212 580 1252 contentusque
594 1205 665 1239 illic
680 1210 800 1239 veneto
813 1206 970 1251 duroque
983 1207 1126 1242 culullo.

378 1257 462 1291 Pars
484 1266 612 1302 magna
625 1254 741 1290 Italiae
755 1260 818 1297 est,
840 1255 868 1289 si
891 1266 1012 1291 verum
1029 1255 1260 1301 admittimus,
1279 1261 1313 1295 in

865 1318 934 1352 qua

332 1364 434 1390 nemo
447 1359 562 1401 togam
575 1355 694 1395 sumit,
713 1356 780 1389 nisi
795 1361 968 1391 mortuuS.
1012 1355 1090 1401 Ipsa
1107 1355 1241 1392 dierum

329 1403 496 1438 festorum
510 1403 657 1439 herboso
670 1403 793 1439 colitur
811 1405 841 1439 si
856 1404 996 1450 quando
1009 1404 1138 1440 theatro

331 1454 505 1494 maiestas,
522 1452 733 1499 tandemque
747 1454 834 1489 redit
849 1454 889 1488 ad
906 1454 1036 1500 pulpita
1052 1460 1170 1490 notum

257 1510 308 1538 175
329 1502 505 1543 exodium,
524 1514 635 1549 quum
651 1514 816 1549 personae
828 1503 987 1549 pallentis
1000 1503 1133 1538 hiatum

330 1552 365 1586 in
381 1553 514 1599 gremio
528 1553 649 1587 matris
663 1552 825 1587 formidat
838 1554 985 1588 rusticus
1001 1552 1113 1588 infans
1125 1566 1131 1598 3

330 1601 490 1647 aequales
504 1601 645 1636 habitus
659 1602 730 1637 illic
743 1602 946 1649 similesque
958 1602 1092 1638 videbis

329 1651 539 1685 orchestram
554 1655 586 1685 et
599 1651 769 1697 populum
783 1666 789 1687 τ
817 1652 900 1688 clari
919 1651 1073 1688 velamen
1088 1651 1241 1694 honoris,

333 1699 513 1735 sufficiunt
527 1701 662 1736 tunicae
677 1702 827 1737 summis
841 1701 1020 1737 Aedilibus
1035 1701 1140 1736 albae.

260 1755 309 1782 180
330 1749 392 1785 Hic
406 1749 496 1786 ultra
514 1751 605 1786 vires
620 1750 759 1787 habitus
774 1752 880 1787 nitor:
910 1751 967 1787 hic
979 1750 1114 1799 aliquid
1128 1751 1220 1798 plus,
