1406 2047
409 118 601 148 SATIRA
632 118 690 148 m.
1004 115 1045 149 43

63 186 124 222 llic
138 185 225 221 fiunt
238 185 409 221 homines.
454 186 542 220 Nam
556 186 585 220 si
601 195 695 220 mora
709 182 844 232 longior
859 184 983 220 Urbem

63 235 206 271 indulsit
220 235 348 281 pueris,
366 246 434 270 non
450 247 619 282 umquam
635 235 741 270 deerit
754 239 903 270 amator:

62 285 239 320 mittentur
257 284 408 326 braccae,
425 285 567 326 cultelli,
586 285 692 325 frena,
710 283 900 330 flagellum.

60 333 116 369 Sic
132 339 359 381 praetextatos
377 334 528 371 referunt
541 335 702 371 Artaxata
718 344 844 369 mores.

325 495 641 534 SATIRA
701 495 781 532 111.

57 598 113 624 AR
121 598 153 623 G.
174 597 325 623 Abeuntem
350 599 415 624 urbe
426 598 595 623 UmBricium
609 599 757 632 Cumasque
770 598 943 630 migraturum
961 605 1052 629 prosc—

131 640 223 672 quitm·
233 645 326 672 poe183
348 641 395 666 ille
409 645 496 666 autem
510 641 630 673 exponit,
645 650 724 673 quare
737 642 820 665 Roma
834 641 968 665 discedere
977 639 1052 671 cupi-

131 687 167 711 at,
181 692 286 715 nempe,
301 684 362 716 quia
377 684 405 708 in
416 684 481 708 urbe
493 684 610 716 probitas
619 688 753 708 contemtu
761 684 805 713 sit,
814 684 905 708 vilitas
913 687 1052 714 atquema-

130 723 190 747 litia
203 725 303 754 floreat,
319 727 478 756 adulatores,
491 727 617 756 adulteri,
633 726 757 751 Graeculi
771 726 799 750 iu
813 726 896 757 gratia
910 723 1053 752 sint,divi-

130 765 183 788 tine
197 767 267 789 sol-e
279 767 365 797 magni
379 767 536 796 habeantur,
545 777 674 799 pauperes
689 768 802 797 iaceant,
812 768 931 798 pericula
941 767 1053 790 circum-

130 814 234 838 quaque
248 807 414 836 immineant,
429 812 586 839 grassatores
599 809 686 832 omnia
702 809 787 832 intuta
801 809 922 834 reddant.

108 864 288 914 Quamvis
302 873 463 919 digressu
478 875 602 906 veteris
615 873 782 906 confusus
800 875 916 915 amici,

58 920 161 956 laudo
175 926 302 963 tamen,
320 922 439 957 vacuis
455 921 549 967 quod
564 921 678 956 sedem
697 921 801 968 sigere
819 922 941 958 Cumis

56 969 215 1013 destinet,
231 977 335 1018 atque
347 983 459 1006 unum
479 971 590 1005 civem
603 971 730 1006 donare
744 971 910 1018 Sibyllae.

58 1020 164 1055 Ianua
177 1021 338 1056 Baiarum
353 1026 404 1056 est
417 1026 450 1056 et
462 1026 600 1068 gratum
616 1020 698 1055 litus
713 1021 849 1055 amoeni

57 1080 228 1105 secessus.
268 1071 343 1118 Ego
357 1070 411 1106 vel
428 1070 633 1117 Prochytam
646 1080 820 1116 praepono
833 1069 1004 1106 Suburae.

58 1119 146 1153 Nam
162 1119 248 1165 quid
263 1125 332 1153 tam
348 1120 528 1159 miserum,
542 1124 609 1153 tam
623 1119 739 1154 solum
754 1118 921 1162 vidimus,
934 1125 1048 1156 utnon

57 1167 208 1203 deterius
220 1168 339 1201 credas
358 1168 496 1202 horrere
510 1168 680 1207 incendia.
698 1167 817 1213 lapsus

57 1221 223 1250 tectorum
241 1216 413 1258 assiduos,
433 1228 473 1251 ac
486 1216 582 1251 mille
595 1217 748 1262 pericula
763 1228 886 1254 saevae

56 1265 168 1307 urbis,
184 1269 217 1300 et
230 1264 389 1312 Augusto
401 1266 581 1301 recitantes
596 1278 715 1302 mense
731 1267 874 1312 poetas?

57 1314 124 1350 Sed
138 1313 224 1349 dum
242 1319 310 1349 tota
323 1314 450 1350 domus
463 1315 570 1350 rheda
583 1317 803 1361 componitur
816 1328 900 1360 una,

58 1363 214 1398 substitit
227 1363 270 1398 ad
284 1368 414 1398 veteres
429 1375 529 1398 arcus
543 1365 792 1410 madidamque
806 1366 996 1410 Capenam.

57 1413 132 1454 Hic,
152 1413 213 1447 ubi
230 1417 416 1447 nocturnae
428 1413 543 1446 Numa
557 1413 786 1448 constituebat
805 1415 946 1457 amicae,

59 1473 154 1497 nunc
166 1462 253 1497 sacri
266 1461 371 1497 sontis
386 1473 510 1497 nemus
528 1466 560 1496 et
573 1461 716 1497 delubra
730 1462 885 1498 locantur

12 1534 15 1535 ν
59 1511 210 1553 Iudaeis,
232 1522 383 1557 quorum
397 1511 568 1557 cophinus
582 1510 793 1558 foenumque
806 1511 976 1558 supellex,

59 1560 185 1607 (omnis
199 1561 293 1596 enim
307 1560 435 1607 populo
451 1560 641 1596 mercedem
655 1561 802 1607 pendere
816 1562 912 1598 iussa
928 1567 981 1598 est

60 1610 173 1651 arbor,
194 1615 228 1645 et
241 1611 355 1645 eiectis
370 1609 542 1646 mendicat
555 1610 643 1645 silva
657 1611 829 1658 Camenis)

62 1659 98 1694 in
112 1658 239 1694 vallem
253 1660 397 1707 Egeriae
410 1660 653 1695 descendimus
665 1666 697 1696 et
710 1660 894 1707 speluncas

61 1706 250 1744 dissimiles
265 1710 370 1745 veris.
404 1710 540 1752 Quanto
554 1711 785 1756 praestantius
798 1715 887 1746 esset

64 1768 193 1794 numen
211 1770 332 1806 aquae,
350 1760 453 1795 viridi
468 1761 497 1795 si
511 1761 667 1808 margine
679 1760 852 1796 clauderet
864 1756 978 1796 undas

1069 339 1120 366 170

1107 1078 1121 1104 5

1089 1324 1121 1350 10

1090 1569 1121 1595 15
