1406 2047
460 61 650 92 SATIRA
679 62 709 91 1,
1029 61 1072 94 35

87 128 326 177 paulatimque
338 126 453 162 anima
468 127 647 162 caluerunt
662 126 778 163 mollia
792 138 876 163 saxa

87 185 120 216 et
132 178 287 215 maribus
302 176 413 212 nudas
427 176 576 212 ostendit
589 177 720 225 Pyrrha
737 176 883 223 puellas,

87 226 260 275 quidquid
271 225 558 273 agunthomines,
570 232 702 268 votum,
711 227 826 267 timor,
838 226 899 267 ira,
910 225 1082 273 voluptas,
1112 233 1144 261 85

86 276 224 324 gaudia,
243 275 436 317 discursus,
459 277 567 311 nostri
580 282 631 311 est
645 276 780 323 farrago
795 275 917 310 libelli.

86 327 130 361 Et
142 324 283 371 quando
297 325 435 360 uberior
448 326 613 360 vitiorum
631 325 752 372 copia?
776 324 918 371 quando

85 376 195 410 maior
207 374 372 409 avaritiae
385 375 495 420 patuit
509 375 636 410 sinus?
660 374 732 409 alea
746 373 888 420 quando

85 423 149 459 hos
163 423 322 458 animos?
347 425 467 470 Neque
485 424 578 458 enim
594 424 716 459 loculis
728 422 974 458 comitantibus
990 422 1057 458 itur

87 472 131 508 ad
143 484 264 508 casum
278 473 428 513 tabulae,
445 474 556 518 posita
570 473 631 508 sed
645 473 778 507 luditur
791 482 879 508 arca.
1113 477 1146 504 90

85 521 217 559 Proelia
232 527 361 568 quanta
376 521 448 556 illic
460 521 697 566 dispensatore
710 521 846 556 videbis

85 572 274 618 armigero!
303 570 505 616 Simplexne
524 570 630 612 furor,
649 571 804 605 sestertia
821 574 961 605 centum

84 620 237 667 perdere,
255 624 288 655 et
300 619 453 655 horrenti
468 620 622 655 tunicam
636 631 705 654 non
722 619 863 654 reddere
877 629 978 654 servo
987 618 1004 653 ‘2

85 670 171 713 Quis
187 669 329 705 totidem
342 669 452 704 erexit
464 668 593 704 villas?
618 670 699 715 quis
713 668 841 704 fercula
855 673 987 714 septem

86 725 212 754 secreto
226 719 380 755 coenavit
394 717 508 754 avus?
531 719 632 754 Nunc
647 718 800 764 sportula
813 719 928 764 primo
1115 722 1148 749 95

87 767 209 801 limine
225 779 333 812 parva
345 767 452 808 sedet,
469 768 591 802 turbae
605 768 769 812 rapienda
784 773 930 813 togatae.

88 816 147 851 Ille
162 821 275 850 tamen
291 814 412 849 faciem
427 815 525 860 prius
544 815 682 859 inspicit
695 820 727 849 et
739 815 898 860 trepidat,
913 825 958 851 ne

88 865 290 910 suppositus
303 864 422 899 venias
437 874 476 898 ac
491 861 578 898 falso
593 864 732 898 nomine
747 875 881 910 poscaS.

87 914 238 960 Agnitus
253 913 409 959 accipies.
451 913 550 948 Iubet
564 924 583 947 a
600 923 766 958 praecone
780 913 895 948 vocari

88 963 182 1008 ipsos
197 963 429 1010 Troiugenas:
458 973 540 997 nam
554 967 681 997 vexant
694 962 801 997 limen
814 967 848 997 et
862 962 930 1008 ipsi
1097 969 1148 996 100

87 1012 287 1047 nobiscum.
341 1013 396 1046 Da
406 1015 574 1055 praetori,
591 1014 637 1046 da
649 1014 770 1046 deinde
783 1012 940 1046 tribuno!

87 1060 154 1096 Sed
168 1061 350 1096 libertinus
365 1061 460 1106 prior
476 1065 539 1095 est.
568 1061 680 1102 Prior,
697 1061 825 1107 inquit,
842 1071 902 1105 eqo
915 1062 1050 1095 adsum.

91 1110 161 1145 Cur
175 1114 309 1145 timeam
321 1112 507 1144 dubitemve
522 1112 632 1144 locum
646 1112 833 1154 defendere,
849 1112 1006 1154 quamvis

87 1166 189 1194 natus
201 1161 248 1193 ad
260 1158 469 1201 Euphraten,
495 1160 612 1192 molles
627 1162 716 1202 quod
728 1162 765 1194 in
777 1171 863 1195 aure
875 1163 1044 1203 fenestrae

85 1211 275 1252 arguerint,
293 1208 372 1240 licet
385 1209 456 1250 ipse
468 1206 610 1251 neyem?
635 1207 703 1243 Sed
721 1211 870 1253 quinque
884 1211 1045 1243 tabernae
1096 1214 1147 1242 105

85 1259 336 1301 quadrinyenta
345 1262 486 1300 parant.
542 1256 632 1299 Quid
648 1261 776 1302 confert
785 1269 948 1302 purpura
959 1261 1072 1293 maior

84 1307 280 1349 optandum,
296 1307 327 1339 si
340 1305 507 1340 Laurenti
527 1309 672 1341 custodit
686 1309 723 1341 -ἰη
737 1318 824 1351 agro

85 1357 270 1390 conductas
287 1353 453 1389 Corvinus
468 1353 569 1389 oves?
593 1355 666 1399 Ego
679 1359 838 1399 possideo
846 1357 929 1399 plus

84 1404 241 1438 Pallante
255 1409 286 1437 et
299 1403 441 1437 Licinis.
481 1403 689 1448 Exspectent
701 1415 782 1450 ergo
796 1404 947 1448 tribuni,

85 1453 226 1488 vincant
238 1452 379 1486 divitiae
393 1463 400 1495 3
429 1463 525 1487 sacro
539 1463 600 1487 nec
613 1451 710 1488 cedat
722 1453 858 1495 honori,
1094 1461 1145 1487 110

85 1513 196 1549 nuper
210 1502 246 1537 in
261 1502 350 1536 hanc
362 1501 486 1536 urbem
503 1501 651 1548 pedibus
665 1503 727 1548 qui
740 1507 880 1539 venerat
893 1501 1003 1547 albis;

85 1550 371 1598 quandoquidem
386 1551 474 1586 inter
488 1563 550 1586 nos
564 1552 781 1587 sanctissima
796 1552 1004 1588 Divitiarum

85 1602 265 1636 maiestas:
293 1601 357 1637 etsi
372 1599 508 1636 funesta
523 1602 670 1637 Pecunia
682 1601 811 1649 templo

85 1651 242 1685 nondum
256 1650 403 1692 habitas,
425 1651 540 1686 nullas
555 1662 780 1687 nummorum
798 1651 972 1688 ereximus
989 1662 1078 1691 aras,

86 1704 125 1735 ut
136 1699 259 1736 colitur
274 1701 346 1737 Pax
360 1706 463 1749 atque
476 1701 589 1743 Fides,
605 1701 765 1744 Victoria,
782 1702 913 1743 Virtus,
1092 1707 1142 1734 115

863 1762 923 1798 C2
