1406 2047
234 230 269 257 70

235 476 268 503 75

220 721 268 749 -80

236 1213 270 1241 90

237 1460 269 1488 95

307 105 350 139 40
659 108 936 138 IUVENALIS

306 174 507 210 damnetur:
537 175 567 208 si
582 175 648 216 vis,
667 174 770 210 etiam
789 174 957 210 Carfinia:
986 175 1089 211 talem

306 234 376 259 non
389 229 504 259 sumet
519 223 681 259 damnata
694 230 822 271 togam.
862 225 929 260 Sed
941 225 1052 260 Iulius
1065 228 1182 260 ardet.-

306 279 436 308 aestuo.
476 273 601 308 Nudus
617 275 715 321 agas!
745 274 862 308 Minus
876 279 927 308 est
941 274 1074 309 insania
1088 275 1214 321 turpis.

305 322 360 357 En
373 322 545 364 habitum,
566 334 636 368 quo
652 329 682 358 te
696 322 787 370 leges
803 334 840 357 ac
857 324 931 358 iura
946 323 1110 359 serentem

308 371 515 406 vulneribus
529 372 647 406 crudis
661 371 813 418 populus
827 372 929 407 modo
942 374 1050 408 victor
1063 383 1096 408 et
1108 373 1196 409 illud

307 428 513 456 montanum
532 421 654 467 positis
668 422 801 457 audiret
817 421 947 469 vulgus
960 423 1091 457 aratris.

307 469 400 512 Quid
415 481 481 505 uon
497 471 699 516 proclames,
716 471 751 506 in
765 482 905 517 corpore
920 471 1045 506 iudicis
1060 472 1123 506 ista

307 520 337 554 si
357 519 499 554 videas?
524 519 668 562 Quaero,
688 532 731 555 an
746 521 886 556 deceant
899 520 1054 556 multicia
1067 520 1211 556 testem?

307 568 394 604 Acer
411 575 443 604 et
458 569 648 605 indomitus
668 570 904 616 libertatisque
918 571 1094 616 magister,

308 617 448 659 Cretice‚
466 619 635 664 perluccs.
677 619 775 654 Dedit
791 620 880 654 hanc
893 620 1050 665 contagio
1065 619 1178 655 labem

306 672 339 702 et
353 667 448 702 dabit
466 669 501 703 in
516 668 651 714 plures·7
681 669 769 702 sicut
785 680 871 714 grex
885 673 974 702 totus
993 668 1029 704 in
1044 669 1137 716 agris

305 717 413 752 unius
431 718 544 752 scabie
557 718 648 752 cadit
665 723 695 752 et
710 718 885 764 porrigine
899 718 1004 762 porci,

306 776 447 810 uvaque
460 772 639 811 conspecta
654 766 798 800 livorem
813 767 907 800 ducit
921 767 964 800 ab
982 777 1063 800 uva.

356 814 507 849 Foedius
526 815 591 848 hoc
610 813 744 859 aliquid
769 814 981 860 quandoque
997 813 1142 849 audebis
1155 815 1294 852 amictu.

307 864 418 898 Nemo
435 868 573 909 repente
586 862 652 897 suit
670 863 910 908 turpissimus.
951 863 1128 909 Accipient
1142 869 1174 900 te

307 913 488 958 paulatim,
505 914 567 959 qui
582 912 683 960 longa
698 912 792 947 domi
807 912 1011 948 redimicula
1025 920 1171 949 sumunt

307 961 492 1004 frontibus,
509 968 541 997 et
554 968 621 997 toto
634 974 780 1008 posuere
795 962 937 998 monilia
951 962 1050 1005 collo,

308 1017 411 1058 atque
423 1013 554 1047 Bonam
569 1017 702 1048 tenerae
716 1012 851 1059 placant
865 1013 1049 1048 abdomine
1065 1023 1185 1058 porcae

307 1067 340 1096 et
353 1073 480 1108 magno
494 1067 620 1098 cratere
634 1062 745 1098 deam.
791 1063 869 1104 Sed,
889 1074 983 1098 more
996 1063 1137 1097 sinistro

307 1111 477 1157 exagitata
493 1111 622 1156 procul,
643 1124 711 1147 non
726 1113 829 1147 intrat
845 1112 973 1147 femina
989 1111 1114 1147 limen:

307 1159 391 1195 solis
406 1172 463 1194 ara
475 1160 557 1196 deae
571 1162 727 1195 maribus
741 1167 841 1206 patet.
888 1163 935 1195 Ite
948 1161 1128 1205 profanae!

307 1209 493 1244 clamatur:
523 1209 620 1244 nullo
633 1210 741 1256 gemit
756 1210 812 1243 hic
826 1209 967 1243 tibicina
982 1220 1103 1244 cornu.

307 1258 403 1293 Talia
420 1264 547 1293 secreta
561 1258 741 1294 coluerunt
755 1258 859 1305 Orgia
878 1257 975 1293 taeda

308 1308 507 1353 Cecropiam
523 1308 614 1342 soliti
631 1309 756 1354 Baptae
769 1308 897 1342 lassare
911 1308 1059 1354 Cotytto.

307 1356 368 1392 Ille
383 1356 620 1402 supercilium,
638 1358 776 1392 madida
792 1357 937 1404 fuligine
952 1357 1111 1397 tinctum,

308 1406 451 1452 obliqua
466 1406 623 1452 producit
637 1418 712 1448 acu,
729 1407 911 1453 pingitque
925 1410 1107 1441 trementes

309 1456 466 1492 attollens
478 1455 613 1500 oculos3
644 1457 752 1490 vitreo
766 1456 854 1490 bibit
871 1455 928 1490 ille
943 1456 1075 1501 Priapo,

309 1505 565 1552 reticulumque
580 1506 688 1540 comis
703 1510 862 1540 auratum
881 1505 1080 1552 ingentibus
1095 1504 1226 1551 implet,

309 1555 464 1590 caerulea
480 1555 625 1590 indutus
639 1555 821 1596 scutulata,
839 1561 898 1590 aut
911 1554 1058 1602 galbana
1072 1565 1161 1597 rasa,

310 1610 342 1640 et
356 1616 415 1650 per
429 1605 595 1639 Iunonem
609 1605 741 1639 domini
758 1605 892 1639 iurante
906 1604 1076 1639 ministro.

311 1654 372 1689 Ille
388 1659 479 1688 tenet
491 1653 683 1699 speculum,
705 1654 832 1699 pathici
852 1659 1027 1702 gestamen
1042 1652 1201 1695 Othonis,

240 1710 291 1738 100
311 1703 444 1739 Actoris
458 1702 613 1738 Aurunci
628 1703 792 1749 spolium,
810 1715 881 1750 quo
897 1715 934 1738 se
948 1702 1004 1738 ille
1018 1702 1157 1738 videbat

287 1768 290 1771 ·
313 1758 497 1797 armatum,
514 1764 627 1802 quum
640 1754 709 1790 iam
723 1753 797 1790 tolli
811 1751 938 1791 vexilla
954 1752 1098 1790 iuberet.
