1406 2047
271 179 304 203 tio

273 472 306 499 65

273 963 306 989 75

274 1207 307 1235 80

275 1453 307 1481 85

344 102 362 132 8
707 105 756 134 A.
789 105 958 134 PERSII

343 181 405 204 nec
425 168 574 216 linguae,
600 174 772 215 quantum
785 170 876 205 sitiat
889 170 983 205 canis
997 169 1146 216 Appula,
1171 172 1323 207 tantum!

342 219 424 259 Vos,
441 229 461 253 o
475 218 638 264 patricius
651 218 808 266 sanguis,
825 230 913 266 quos
926 219 1040 255 vivere
1054 218 1104 254 sas
1117 224 1169 255 est

343 268 476 314 occipiti
491 279 599 309 caeco,
618 268 765 314 posticae
778 269 942 304 occurrite
955 270 1099 304 sannae!
1115 288 1165 295 —

396 317 480 359 Quis
490 320 610 362 populi
623 329 733 352 sermo
747 317 874 352 est?—
888 317 973 361 Quis
988 317 1106 353 enim‘?
1120 319 1188 354 nisi
1202 319 1327 353 carmi-

876 379 920 402 na
934 367 1031 402 molli

348 425 441 449 nunc
453 414 596 449 demum
611 425 756 451 numero
769 414 885 458 fluere,
902 422 940 451 ut
954 427 1013 462 per
1026 416 1099 452 leve
1111 427 1246 451 severos

344 463 496 499 effundat
513 464 670 499 iunctura
684 476 831 513 ungues.
873 478 887 497 n
896 465 965 500 Scit
982 465 1118 500 tendere
1131 476 1270 500 versum

346 524 414 548 non
429 524 539 554 secus.
556 524 595 548 ac
607 514 637 548 si
651 514 750 550 oculo
765 515 938 550 rubricam
953 515 1079 562 dirigat
1091 525 1170 549 uno.

345 562 426 598 Sive
437 573 525 609 opus
540 563 575 597 in
594 574 718 604 mores,
736 564 771 598 in
787 564 923 603 luxum.
941 569 972 598 et
986 563 1129 608 prandia
1145 574 1265 610 regum

347 611 470 653 dicere,
488 623 541 646 res
557 612 707 658 grandes
721 619 837 647 nostro
849 613 906 646 dat
920 612 1016 646 Musa
1033 617 1160 656 poetae.
1171 628 1186 645 u
1201 632 1248 638 —-

394 661 480 696 Ecce
494 661 595 695 modo
609 661 730 695 heroas
744 672 867 695 sensus
882 660 999 695 afferre
1014 660 1173 696 videmus

345 710 467 757 nugari
482 709 600 744 solitos
613 709 750 751 Graece,
769 721 829 745 nec
844 721 968 755 ponere
983 709 1100 745 lucum

344 759 501 799 artifices,
519 769 580 793 nec
594 770 654 794 rus
668 764 824 794 saturum
840 759 990 800 laudare,
1007 759 1067 793 ubi
1078 759 1208 795 corbes,

343 813 375 842 et
389 807 495 847 focus,
511 812 544 841 et
557 809 661 852 porci,
681 813 713 841 et
728 807 862 841 fumosa
877 807 994 840 Palilia
1009 807 1124 841 foeno:

346 855 439 891 unde
454 856 594 896 Remus,
611 855 777 901 sulcoque
790 861 902 890 terens
916 855 1077 896 dentalia,
1095 855 1246 898 Quincti,

345 916 456 952 quum
471 904 601 950 trepida
617 910 694 939 ante
709 904 814 939 boves
828 904 1025 939 dictatorem
1043 904 1156 939 induit
1171 916 1268 942 uxor,

344 960 376 990 et
394 960 452 989 tua
473 958 581 988 aratra
602 953 745 988 domum
761 953 856 988 lictor
871 953 956 988 tulit.
976 973 1025 979 —
1038 954 1135 1000 Euge
1149 954 1263 998 pocta!
1280 972 1327 979 -—

396 1005 458 1038 Est
473 1003 722 1044 nunc,B1iseis
737 1013 841 1048 quem
856 1014 1006 1037 venosus
1021 1002 1106 1035 lihei
1121 1003 1202 1043 Atti,

344 1059 438 1094 sunt,
455 1063 544 1099 quos
558 1052 800 1098 Pacuviusque
815 1057 847 1086 et
865 1061 1046 1085 veriucosa
1062 1056 1213 1085 moretur

345 1102 504 1147 Antiopa,
522 1102 697 1136 aerumnis
711 1112 768 1136 coi
782 1092 1000 1135 luctificabile
1016 1099 1111 1134 fulta.

346 1152 413 1186 llos
427 1162 512 1197 puer
516 1151 543 1185 is
559 1151 711 1186 monitus
725 1155 837 1204 patres
852 1149 1032 1184 infundere
1047 1149 1158 1194 lippos

345 1212 459 1255 quum
472 1199 600 1240 videas,
621 1199 815 1246 quaerisne,
828 1197 921 1232 unde
932 1197 1156 1243 haecsartaoo
1166 1197 1329 1243 loquendi

345 1250 476 1285 venerit
490 1249 524 1284 in
540 1248 701 1296 linguas?
727 1250 819 1282 unde
833 1246 925 1281 istud
940 1246 1100 1282 dedecus
1119 1247 1152 1280 in
1167 1257 1238 1292 quo

346 1298 533 1334 Trossulus
546 1297 695 1333 exsultat
709 1297 769 1331 tibi
787 1308 847 1342 per
861 1295 1026 1331 subsellia
1045 1295 1097 1330 lev
1093 1294 1157 1330 is‘?
1169 1315 1217 1321 -—

394 1348 498 1383 Nilne
510 1347 626 1393 pudet,
644 1347 747 1393 capiti
761 1357 829 1381 non
845 1356 945 1392 posse
958 1344 1108 1391 pericula
1122 1355 1207 1379 cano

346 1396 482 1443 pellere,
503 1397 591 1443 quin
606 1396 762 1441 tepidum
777 1396 840 1430 hoc
852 1400 948 1440 optes
961 1394 1080 1429 audire
1093 1394 1276 1429 Decenter?

345 1447 441 1482 »Fur
459 1457 538 1488 es«,
555 1445 731 1481 aitPedio.
744 1464 793 1471 —
819 1444 945 1479 Pedius
965 1443 1075 1490 quid?
1091 1463 1139 1470 -—
1171 1443 1326 1478 Crimina

879 1505 966 1528 rasis

346 1543 447 1579 librat
461 1544 496 1578 in
511 1543 698 1578 antithetis.
728 1543 847 1577 Doctas
864 1542 1021 1588 posuisse
1033 1541 1162 1588 figuras

347 1593 577 1628 laudatur.—
604 1592 761 1628 »Bellum
776 1592 940 1627 hocl«—
954 1590 1085 1625 Bellum
1107 1589 1180 1625 est‘?
1199 1602 1241 1625 an
1263 1590 1331 1625 Ro-

878 1639 972 1675 mule
985 1638 1106 1674 ceves‘?

347 1691 425 1726 Men
440 1689 599 1725 moveat?
624 1690 754 1736 quippe
768 1695 811 1731 et,
833 1694 944 1725 cantet
956 1689 985 1724 si
1000 1688 1201 1734 naufragus,
1217 1699 1328 1723 assem

347 1738 773 1787 protulerimY—Cantaffi
784 1749 896 1785 quum
904 1737 1006 1772 fracta
1014 1743 1045 1773 te
1054 1738 1087 1772 in
1097 1736 1190 1771 trabe
1197 1737 1328 1783 pictum
