1406 2047
277 184 310 212 50

277 676 311 705 60

281 923 314 951 ⁰5

283 1416 297 1442 ⁵)

303 1416 317 1443 υἱ

351 107 394 141 34
693 110 973 140 IUVENALIS

349 177 463 218 iratis;
493 180 528 210 at
545 180 580 210 tu
595 176 720 210 victrix
733 176 910 222 provincia
924 176 1062 224 ploras?

401 226 490 260 Haec
503 236 567 272 ego
581 235 650 260 non
665 226 802 260 credam
818 227 993 262 Venusina
1008 227 1114 275 digna
1131 225 1294 263 lucerna?

348 275 433 310 haec
446 286 510 322 ego
526 286 594 310 non
609 275 759 322 agitem?
785 275 850 310 Sed
871 275 956 322 quid
971 278 1083 324 magis
1098 277 1286 319 Heracleas,

349 330 410 360 aut
423 324 639 365 Diomedeas,
657 331 717 359 aut
734 325 910 372 mugitum
926 326 1142 374 Labyrinthi,

350 379 383 409 et
401 385 496 408 mare
514 385 719 419 percussum
737 386 856 420 puero.
873 374 1081 422 fabrumque
1094 375 1292 412 volantem‘?

347 422 465 478 Quum
482 422 560 458 leno
577 424 720 469 accipiat
734 425 866 460 moechi
881 425 983 466 bona,
1001 426 1029 460 si
1044 426 1202 471 capiendi

349 473 405 507 ius
420 471 559 508 nullum
574 474 689 513 uxori
707 473 828 509 doctus
843 480 993 520 spectare
1008 474 1160 517 lacunar,

353 521 474 557 doctus
491 527 524 556 et
538 522 581 557 ad
594 522 736 558 calicem
750 523 908 571 vigilanti
924 530 1062 559 stertere
1077 535 1178 568 nas0;

351 582 464 627 quum
480 570 531 606 sas
545 583 620 607 esse
634 578 730 618 putet
744 584 862 608 curam
878 585 1015 619 sperare
1029 552 1189 615 cohortis,

349 621 412 667 qui
426 621 517 656 bona
531 621 673 657 donavit
686 623 912 669 praesepibus
927 629 958 658 et
972 629 1062 657 caret
1079 623 1175 658 omni

349 670 521 705 maiorum
536 682 656 713 censu,
673 671 759 706 dum
774 673 928 718 pervolat
941 685 1004 708 axe
1017 673 1118 707 citato

349 719 576 764 Flaminiam
606 721 704 766 (puer
717 722 934 757 Automedon
952 735 1030 757 nam
1048 722 1117 756 lora
1134 722 1280 763 tenebat,

349 769 424 814 ipse
438 769 627 804 lacernatae
640 782 751 815 quum
768 783 805 806 so
820 773 956 805 iactaret
968 771 1109 815 amicae)
1253 784 1256 785 ⁷

348 828 464 852 nonne
482 818 565 851 libet
578 819 693 852 medio
707 830 801 852 ceras
817 820 960 863 implere
977 828 1118 863 capaces

349 866 562 913 quadrivio?
587 878 700 911 quum
714 868 784 901 iam
799 872 895 900 sexta
909 867 1039 900 cervice
1054 866 1182 900 feratur

353 915 438 950 hinc
452 921 555 961 atque
570 915 650 949 inde
668 920 790 961 patens
805 926 843 950 ac
857 915 949 950 nuda
965 927 1072 962 paene
1085 915 1244 951 cathedra

349 971 382 1000 et
396 964 548 1000 multum
562 964 712 1000 referens
726 965 768 1000 de
781 966 973 1000 Maecenate
988 966 1115 1011 supino

349 1015 516 1061 signator,
535 1013 621 1048 falso
635 1015 696 1060 qui
716 1026 752 1050 se
771 1014 904 1049 lautum
921 1021 1024 1061 atque
1039 1015 1181 1050 beatum

349 1064 488 1110 exiguis
502 1063 630 1098 tabulis
648 1069 679 1099 et
692 1075 832 1112 gemma
847 1063 969 1100 fecerat
985 1063 1078 1099 uda‘?

353 1112 511 1148 Occurrit
525 1119 680 1149 matrona
696 1120 828 1160 potens,
851 1126 951 1161 quae,
972 1113 1076 1149 molle
1090 1112 1258 1149 Calenum

350 1168 560 1209 porrectura,
578 1164 653 1198 viro
667 1165 787 1198 miscet
800 1165 936 1198 sitiente
950 1165 1120 1204 rubetam,

352 1212 572 1257 instituitque
590 1212 693 1247 rudes
709 1212 830 1246 melior
843 1213 988 1246 Locusta
1005 1212 1220 1267 propinquas

353 1273 414 1308 per
428 1261 555 1296 samam
569 1267 602 1296 et
616 1261 785 1308 populum
802 1261 920 1299 nioros
933 1261 1050 1295 efferre
1064 1261 1218 1294 maritos.

404 1310 503 1345 Aude
517 1310 651 1355 aliquid
667 1311 832 1346 brevibus
847 1311 901 1345 Gt
905 1311 973 1345 aris
988 1316 1019 1344 ct
1033 1320 1166 1344 carcere
1179 1308 1340 1355 dignum.

356 1359 385 1393 si
402 1359 455 1394 vis
469 1370 544 1393 esse
559 1359 704 1404 aliquis:
734 1361 890 1405 probitas
906 1359 1066 1393 laudatur
1079 1364 1111 1393 et
1129 1358 1241 1405 alget:

355 1408 563 1443 criminibus
578 1408 704 1442 debent
720 1408 848 1443 hortos
866 1409 1045 1454 praetoria,
1063 1418 1212 1446 mensaS,

357 1463 540 1505 argentum
555 1462 655 1492 vetus
669 1462 700 1491 et
718 1446 864 1492 stantem
879 1463 973 1491 extra
988 1456 1107 1502 pocula
1121 1467 1276 1502 caprum.

357 1507 469 1550 Quem
483 1507 611 1552 patitur
625 1506 776 1541 dormire
791 1518 904 1541 nurus
916 1512 1090 1552 corruptor
1105 1516 1239 1546 avarae,

359 1567 466 1603 quem
481 1567 628 1601 sponsae
643 1561 762 1602 turpes
779 1561 812 1590 et
829 1561 1059 1602 praetextatus
1075 1553 1232 1590 adulter?

358 1605 395 1641 Si
412 1611 532 1640 natura
551 1610 663 1651 negat,
681 1605 761 1640 facit
777 1606 968 1652 indignatio
982 1616 1134 1645 versum,

289 1662 323 1690 80
362 1654 643 1702 qualemcunque
657 1660 779 1700 potest,
801 1655 921 1701 quales
934 1666 996 1702 ego
1013 1654 1066 1689 vel
1083 1653 1286 1689 Cluvienus.

414 1705 469 1740 Ex
483 1715 554 1751 quo
568 1704 764 1746 Deucalion,
781 1705 912 1739 nimbis
926 1704 1125 1740 tollentibus
1139 1714 1279 1749 aequor,

363 1755 504 1802 navigio
518 1759 672 1790 montem
685 1755 838 1790 ascendit
852 1761 1028 1802 sortesque
1042 1753 1208 1800 poposcit,
