1406 2047
327 244 359 271 55

327 489 358 516 50

325 736 357 763 ‹35

327 981 359 1009 70

331 1522 364 1550 80

361 1780 367 1793 ›
405 1761 540 1810 Dignus
554 1766 664 1796 morte
677 1761 776 1807 perit,
793 1766 911 1796 coenet
926 1760 1000 1796 licet
1011 1763 1120 1795 ostrea
1134 1762 1272 1793 centum

400 118 442 152 94
742 121 1019 152 IUVENALIS

398 187 503 223 Nullo
517 188 647 234 qnippe
665 185 731 221 alio
746 187 856 221 vincis
874 187 1084 231 discrimine,
1101 200 1209 236 quam
1223 191 1318 238 qnod

398 236 448 271 illi
467 247 700 271 marmoreum
715 243 817 281 caput
830 242 891 278 est,
910 243 967 272 tua
985 238 1070 274 vivit
1087 239 1214 287 imago.

397 286 458 320 Dic
472 286 571 327 mihi,
589 287 796 320 Teucrorum
812 286 936 332 proles,
952 287 1112 323 animalia
1126 294 1222 324 muta

398 336 478 382 quis
492 346 656 382 generosa
669 340 776 380 putet,
795 336 863 369 nisi
878 335 1000 370 sortia?
1023 337 1153 384 Nempe
1166 338 1341 375 volucrem

398 385 447 419 sic
463 384 645 419 laudamus
659 395 804 429 equum,
824 384 914 419 facili
929 386 984 420 cui
998 386 1149 432 plurima
1161 387 1276 434 palma

397 433 514 473 fervet,
529 440 561 468 et
574 432 724 468 exsultat
738 445 840 469 rauco
857 435 996 470 victoria
1015 435 1126 471 Circo.

397 483 531 518 Nobilis
545 483 613 523 hic,
630 494 853 529 quocumque
871 485 966 519 venit
982 485 1024 520 de
1040 485 1209 533 gramine.
1225 487 1325 522 cuius

395 532 485 568 clara
499 532 581 579 suga
599 538 676 566 ante
689 532 774 566 alios
787 539 819 566 et
833 534 968 578 primus
983 535 1017 569 in
1033 546 1180 581 aequore
1191 535 1327 583 pulvis:

396 581 457 616 sed
472 581 592 616 venale
606 592 711 628 pecus
726 582 896 627 Corythae
914 584 1094 628 posteritas
1107 589 1141 620 et

395 631 544 676 Hirpini,
562 631 591 665 si
607 642 681 665 rara
696 632 777 676 iugo
793 631 940 666 Victoria
954 633 1055 667 sedit.

396 680 452 714 Nil
467 680 513 714 ibi
533 680 702 714 majorum
719 685 904 724 respectus,
923 682 1032 726 gratia
1047 681 1142 714 nulla

394 729 618 763 umbrarum:
647 729 806 762 dominos
821 729 938 773 pretiis
957 734 1089 762 mutare
1103 729 1265 764 iubentur

395 778 544 824 exiguis,
562 777 709 821 tritoque
726 777 864 810 trahunt
878 777 1029 821 epiredia
1045 776 1134 810 collo

396 825 613 873 segnipedes,
634 825 804 871 dignique
819 824 946 859 molam
960 836 1096 859 versare
1110 825 1265 870 Nepotis.

395 875 488 922 Ergo
506 880 544 909 ut
556 874 725 909 miremur
737 879 781 915 te,
797 885 866 908 non
880 880 950 915 tua,
967 875 1120 920 primum
1134 874 1270 921 aliquid
1283 873 1340 916 da,

395 924 490 972 quod
504 925 634 970 possim
652 923 761 958 titulis
776 924 926 958 incidere
940 929 1071 969 praeter
1085 924 1242 964 honores,

396 986 486 1022 quos
509 973 578 1008 illis
602 973 728 1008 damus
747 978 779 1007 et
798 973 971 1014 dedimus,
987 973 1118 1019 quibus
1132 973 1249 1008 omnia
1264 973 1370 1009 debes

448 1024 536 1059 Haec
555 1024 639 1058 satis
656 1022 701 1058 ad
720 1023 895 1065 iuvenem,
920 1034 1026 1069 quem
1046 1023 1145 1059 nobis
1159 1022 1250 1059 sama
1263 1033 1368 1070 sulm·

930 1073 1016 1107 hum

396 1120 511 1160 tradit,
531 1125 563 1155 et
577 1119 747 1161 inflatum,
766 1119 982 1166 plenumque
996 1122 1130 1156 Nerone
1143 1121 1353 1168 propinquo.

398 1171 509 1206 Rarus
523 1170 616 1205 enim
635 1169 741 1203 ferme
758 1181 882 1203 sensns
895 1171 1093 1204 communis
1108 1171 1144 1206 in
1157 1170 1218 1206 illa

399 1219 549 1255 fortuna.
593 1218 658 1253 Sed
671 1224 701 1252 te
713 1219 843 1252 censeri
860 1217 959 1252 tande
973 1224 1125 1259 tuorum,

397 1269 546 1309 Pontice,
564 1267 745 1307 noluerim,
763 1268 811 1301 sic
825 1273 863 1301 ut
878 1266 964 1301 nihil
984 1267 1057 1312 ipse
1070 1266 1205 1301 futurae

399 1317 513 1353 laudis
530 1328 623 1364 agas.
662 1317 828 1350 Miserum
835 1315 1042 1350 estaliorum
1052 1315 1251 1350 incumbere
1258 1313 1368 1351 famae
1397 1314 1402 1349 .’

401 1378 444 1402 ne
457 1366 605 1412 collapsa
620 1371 722 1399 ruant
733 1365 915 1399 subductis
929 1370 1012 1399 tecta
1026 1364 1213 1399 columnis.

401 1416 535 1451 Stratus
550 1414 649 1450 humi
664 1413 795 1460 palmes
810 1413 934 1448 viduas
946 1413 1117 1448 desiderat
1131 1412 1253 1449 ulmos.

400 1466 484 1501 Esto
497 1465 611 1500 bonus
626 1463 738 1503 miles,
759 1468 849 1497 tutor
863 1463 987 1504 bonus,
1004 1462 1129 1497 arbiter
1145 1462 1236 1497 idem

402 1515 546 1561 integer.
591 1513 786 1559 Ambiguae
799 1513 829 1546 si
844 1512 984 1557 quando
997 1511 1142 1546 citabere
1154 1511 1250 1546 testis

403 1564 620 1608 incertaeque
637 1562 704 1604 rei3
735 1561 890 1596 Phalaris
905 1561 981 1596 licet
995 1562 1147 1607 imperet,
1162 1565 1201 1595 ut
1214 1560 1263 1595 sis

403 1612 524 1653 falsus,
541 1618 574 1646 et
587 1611 723 1646 admoto
737 1610 839 1645 dictet
857 1611 1128 1656 periuria-tauro,

404 1673 584 1697 summum
599 1660 698 1695 crede
712 1660 806 1694 nefas
820 1661 973 1696 animam
982 1656 1155 1706 ipraeserre
1168 1657 1292 1704 pudori

403 1716 435 1746 et
449 1716 586 1757 propter
599 1711 706 1746 vitam
720 1710 860 1745 vivendi
880 1710 1018 1756 perdere
1033 1719 1167 1744 causas.
