1406 2047
377 73 439 108 ¹52
723 81 1003 115 IUVENALIS

372 142 547 189 dispersos
565 145 697 182 trahere
711 146 747 182 in
761 149 943 195 populum,
962 153 1110 202 migrare
1124 164 1260 198 vetusto

368 190 411 226 de
426 204 576 236 nemore,
593 200 625 231 et
638 198 777 242 proavis
796 199 966 237 habitatas
980 203 1139 252 linquere
1151 209 1277 257 silvas;

366 241 548 278 aedificare
564 244 696 288 domos,
713 247 862 284 Laribus
875 252 1083 301 coniungere
1097 260 1224 295 nostris

366 293 492 326 tectum
506 292 614 336 aliud,
632 300 722 330 tutos
736 297 851 334 vicino
865 299 986 337 limine
1001 315 1142 342 somnos

292 343 343 371 155
363 344 400 372 ut
413 340 534 376 collata
548 342 643 379 daret
656 344 799 390 fiduci33
829 355 1006 398 protegere
1018 356 1125 390 armis

362 386 500 433 lapsum
515 397 574 426 aut
589 393 720 440 ingenti
733 402 913 434 nutantem
932 401 1071 438 vulnere
1083 405 1208 449 civem,

359 441 538 474 communi
553 441 634 477 dare
647 444 748 491 signa
763 447 858 489 tuba,
876 449 1050 487 defendier
1064 454 1175 491 isdem

359 488 527 531 turribus,
546 495 648 538 atque
662 505 730 528 una
743 501 920 540 portarum
935 499 1030 536 clave
1043 505 1160 540 teneri.

355 534 423 570 Sed
437 537 505 572 iam
519 547 718 586 serpentum
734 545 843 581 maior
859 550 1052 586 concordia.
1093 554 1203 589 Parcit

283 588 334 616 160
354 587 509 632 cognatis
524 590 670 625 maculis
686 593 812 629 similis
827 595 906 632 fera.
951 599 1098 642 Quando
1113 602 1202 639 leoni

352 632 471 669 sortior
484 638 610 683 eripuit
626 641 730 676 vitain
748 643 823 678 lco‘?
849 657 919 691 quo
932 661 1072 686 nemore
1086 664 1258 700 umquam

351 684 522 728 expiravit
534 699 615 732 aper
629 691 768 725 maioris
782 693 945 729 dentibus
959 699 1058 741 apri‘?

349 731 465 767 Indica
483 735 581 780 tigris
596 737 666 782 agit
681 739 800 774 rabida
814 752 895 776 cum
910 744 1036 791 tigride
1049 757 1169 792 pacem

347 786 567 826 perpetuam:
596 786 709 821 saevis
727 788 816 824 inter
829 802 866 825 se
879 795 1040 829 convenit
1054 798 1160 834 ursis.

274 834 324 862 165
345 829 408 864 Ast
422 830 556 867 homini
569 832 698 870 ferrum
715 836 812 873 letale
827 840 953 876 incude
967 843 1113 880 nefanda

344 879 553 924 produxisse
560 893 684 928 parum
693 891 743 921 est
754 915 759 931 ‚
779 899 890 933 quum
900 896 1006 926 rastra
1016 898 1048 928 et
1055 895 1191 932 sarcula
1200 903 1335 937 tantum

343 927 477 964 adsueti
491 942 648 978 coquere,
666 940 709 976 et,
729 937 852 973 marris
871 951 910 974 ac
923 952 1062 978 vomere
1075 943 1170 988 lassi,

341 979 527 1015 nescierint
544 982 648 1027 primi
660 984 796 1032 gladi0s
811 989 980 1027 excudere
992 991 1081 1028 fabri
1094 1003 1102 1027 τ

339 1026 554 1070 adspicimus
580 1034 739 1078 populos,
759 1047 910 1082 quorum
926 1052 995 1076 non
1010 1042 1138 1079 sufficit
1153 1044 1222 1082 irae

267 1080 318 1107 170
338 1077 504 1113 occidisse
520 1079 691 1127 aliquem;
721 1085 782 1120 sed
797 1093 943 1131 pectora,
965 1090 1118 1135 brachia,
1138 1095 1275 1133 vultum

337 1126 546 1163 crediderint
558 1142 671 1178 genus
686 1144 760 1170 esse
775 1136 854 1172 cibi.
896 1138 988 1181 Quid
1003 1141 1129 1178 diceret
1141 1155 1235 1192 ergo,

338 1174 390 1209 vel
407 1187 476 1221 quo
491 1189 558 1213 non
573 1179 717 1227 sugeret,
735 1184 765 1218 si
785 1197 879 1221 nunc
892 1188 976 1224 haec
990 1197 1145 1228 monstra
1158 1194 1289 1232 videret

335 1222 561 1273 Pythagoras,
579 1231 712 1266 cunctis
726 1234 938 1272 animalibus
953 1240 1122 1277 abstinuit
1136 1245 1199 1289 qui

335 1277 515 1321 tamquam
537 1277 690 1323 homine,
713 1286 746 1317 et
770 1285 879 1319 ventri
901 1286 1046 1323 indulsit
1065 1301 1135 1327 non
1155 1303 1259 1329 omne
1279 1293 1327 1330 le-

869 1345 1001 1382 gumen
1010 1337 1027 1372 ‘I

593 1458 912 1502 SATIRA
953 1468 1074 1506 XVI.

331 1530 428 1555 ARG.
451 1533 494 1557 De
511 1538 701 1568 praerogativis
719 1541 836 1566 militum
860 1546 980 1576 exponit,
1000 1552 1028 1572 ut
1047 1548 1092 1580 qui
1107 1549 1160 1574 suis
1174 1552 1317 1582 peculiari-

393 1573 440 1598 bus
463 1576 566 1603 iuribus
591 1585 714 1613 ιιῑειιιῐιιτ,
740 1584 937 1619 honoribusque
961 1597 990 1613 ac
1014 1591 1137 1621 praemiis
1156 1599 1285 1620 ornentur
1303 1605 1316 1619 n

392 1615 502 1642 ducibus
517 1621 580 1646 suis.
599 1624 694 1654 (satira
710 1628 882 1658 suppositicia
898 1630 1026 1664 videtur.)

379 1658 474 1708 Quis
487 1681 669 1711 numerare
686 1683 790 1723 queat
804 1678 911 1715 felicis
928 1683 1092 1728 praemia,
1114 1683 1224 1731 Galle,

328 1714 494 1755 militiae?
518 1722 607 1759 Nam
622 1725 651 1760 si
666 1727 857 1764 subeantur
869 1741 1030 1779 prospera
1045 1739 1169 1778 castra,
