1406 2047
336 67 377 99 88
679 78 960 115 IUVENALIS

333 139 608 187 conspuiturque
623 144 736 180 sinus.
781 147 922 192 Verum,
948 152 1159 199 deprendere
1172 170 1320 199 messem

331 186 361 219 si
377 185 470 229 libet,
487 188 568 225 hinc
583 198 720 228 centum
735 197 941 241 patrimonia
955 205 1221 251 causidicorum,

330 240 427 279 parte
441 236 507 272 alia
521 239 636 276 solum
651 245 776 279 russati
791 257 880 291 pone
893 248 1062 288 Lacertae.

260 288 310 316 115
331 284 524 322 Consedere
537 289 666 326 Duces:
696 295 813 341 surgis
828 301 865 331 tu
879 298 1030 343 pallidus
1044 303 1143 347 Aiax,

329 332 487 370 dicturus
505 336 612 374 dubia
625 351 688 386 pro
702 341 866 387 libertate,
886 347 1039 386 bubulco

330 382 458 419 iudice.
499 385 636 433 Rumpe
649 392 755 427 miser
768 399 904 431 tensum
921 398 1025 442 iecur,
1042 407 1080 436 ut
1093 403 1156 439 tibi
1170 403 1261 443 lasso

328 430 482 477 figantur
495 435 636 479 virides,
652 441 824 478 scalarum
837 444 959 492 gloria,
980 449 1127 494 palmae.

326 478 426 522 Quod
441 484 534 519 vocis
547 489 723 532 pretium?
747 492 866 529 Siccus
881 499 1128 541 petasunculus
1141 507 1173 538 et
1187 516 1247 539 vas

253 533 304 560 120
323 528 564 578 pelamydum,
581 543 640 571 aut
659 545 799 584 veteres,
817 543 979 581 Afrorum
994 550 1177 594 epimenia,
1197 554 1308 596 bulbi,

324 584 383 612 aut
397 581 519 616 vinum
536 584 649 621 Tiberi
664 587 856 635 devectum,
873 596 1032 643 quinque
1051 599 1203 647 lagenae.

321 626 357 661 Si
372 635 492 673 quater
505 633 617 679 egisti,
636 637 665 670 si
682 641 823 687 contigit
837 655 963 680 aureus
978 658 1083 689 unus,

320 675 401 711 inde
416 679 543 716 cadunt
561 691 672 728 partes
687 699 729 722 ex
743 689 876 727 foedere
889 698 1194 742 pragmaticorum.

318 725 466 762 Aemilio
479 729 628 773 dabitur,
646 743 816 779 quantum
838 740 925 782 licet,
942 750 973 777 et
988 746 1112 780 melius
1129 759 1190 783 nos

246 778 296 805 125
316 775 472 820 egimus:
502 778 608 814 huius
623 783 716 817 enim
731 791 797 820 stat
810 798 933 824 currus
948 792 1086 834 a‘e‘neuS,
1102 794 1161 830 alti

316 823 542 873 quadriiuges
557 829 592 864 in
610 833 802 876 vestibulis,
820 843 923 884 atque
937 840 1010 886 ipse
1023 841 1126 879 feroci

315 871 479 910 bellatore
491 877 627 920 sedens,
643 889 824 920 curvatum
841 886 965 924 hastile
980 891 1133 929 minatur

314 922 464 964 eminus,
481 930 512 960 et
523 932 633 964 statua
649 932 835 970 meditatur
850 939 978 982 proelia
992 940 1097 977 lusca.

313 969 369 1005 Sic
383 972 472 1008 Pedo
486 979 678 1019 conturbat.
697 983 812 1019 Matho
825 986 956 1024 deficit.-
985 992 1099 1028 exitus
1114 992 1171 1028 hic
1183 1000 1235 1030 ost

241 1023 292 1051 130
314 1019 476 1067 Tongilli‚
493 1035 620 1072 magno
633 1038 713 1063 cum
729 1030 942 1069 rhinocerote
956 1034 1063 1071 lavari

311 1069 372 1114 qui
388 1070 484 1105 solet.
501 1079 534 1108 et
549 1082 649 1111 vexat
663 1077 831 1115 lutulenta
845 1082 966 1119 balnea
981 1086 1094 1128 turba,

309 1128 440 1164 perque
453 1119 566 1158 forum
581 1127 724 1162 iuvenes
738 1128 841 1177 longo
859 1135 984 1178 premit
1001 1147 1124 1179 assere,
1141 1138 1260 1176 Medos

308 1172 465 1203 emturus
480 1181 615 1215 pueros
632 1183 825 1221 argentum,
843 1183 1036 1225 murrhina,
1054 1186 1166 1224 villas.

308 1214 460 1261 Spondet
480 1221 573 1255 enim
589 1223 692 1270 Tyrio
703 1226 853 1262 stlataria
868 1241 1022 1276 purpura
1043 1234 1109 1269 silo.

236 1269 287 1297 135
306 1264 350 1299 Et
367 1271 481 1302 tamen
497 1269 561 1304 hoc
574 1271 659 1316 ipsis
675 1280 726 1308 est
741 1276 841 1312 utilc:
871 1290 1025 1326 purpura
1040 1284 1157 1319 vendit

305 1315 534 1359 causidicum,
552 1322 707 1358 vendunt
721 1326 970 1374 amethystina:
998 1334 1158 1369 convenit
1172 1335 1252 1378 illis,

303 1369 336 1397 et
349 1366 493 1410 strepitu
507 1373 539 1402 ct
553 1367 637 1405 facie
651 1374 790 1408 maioris
806 1377 921 1412 vivere
935 1390 1072 1416 census.

303 1411 371 1447 Sed
384 1413 489 1450 finem
503 1417 680 1463 impensae
696 1434 764 1458 non
777 1432 890 1461 servat
904 1429 1046 1477 prodiga
1065 1431 1182 1467 Roma.

303 1461 348 1496 Ut
362 1463 500 1500 redeant
514 1473 662 1504 veteres:
693 1471 848 1509 Ciceroni
864 1488 965 1513 nemo
977 1479 1141 1516 ducentos

232 1513 285 1543 140
306 1522 400 1546 nuuc
414 1513 546 1550 dederit
559 1529 697 1562 numos,
716 1523 783 1557 nisi
796 1523 1094 1565 fulseritannulus
1109 1531 1241 1579 ingens.

302 1560 452 1607 Respicit
466 1563 531 1600 hoc
547 1568 713 1612 primum,
730 1573 791 1618 qui
807 1573 929 1623 litigat,
946 1590 988 1613 an
1004 1579 1064 1614 tibi
1079 1581 1169 1615 servi

300 1615 385 1651 octo,
403 1611 519 1648 decem
535 1619 687 1660 comites,
706 1628 783 1666 post
797 1629 828 1658 te
841 1637 884 1660 an
898 1627 942 1661 sit
954 1627 1047 1668 sella.
1064 1632 1167 1678 togati

302 1664 379 1694 ante
393 1661 509 1706 pedes.
554 1666 632 1702 Ideo
646 1670 814 1708 conducta
829 1674 957 1712 Paulus
970 1678 1090 1724 agebat

299 1709 523 1759 sardonyche,
535 1719 638 1762 atque
652 1719 728 1755 idco
739 1721 864 1768 pluris,
882 1736 988 1772 quam
997 1727 1136 1774 Cossus,
1147 1732 1268 1779 agebat
