1406 2047
273 625 305 652 10

273 1017 304 1044 15

272 1258 306 1285 20

273 1504 288 1530 'J

291 1505 302 1530 ei

349 108 368 140 G
714 113 753 141 A.
785 113 956 142 PERSII

351 176 409 212 Vel
418 176 500 218 duo,
513 176 565 212 vel
577 188 690 212 nemo.
702 198 750 203 —
761 179 870 222 Turpe
877 185 905 214 et
914 191 943 213 m
950 180 1123 214 isercibile!
1129 199 1178 205 —
1193 178 1330 222 Quare?

347 237 390 261 ne
406 227 494 261 mibi
515 226 720 273 Polydamas
735 233 767 261 et
781 228 942 263 Troiades
958 229 1151 263 Labeonem

345 275 593 321 praetulerint?
608 296 656 302 —
688 277 826 324 Nugae!
842 297 890 303 —
921 278 1013 318 Non,
1035 278 1065 312 si
1085 277 1170 324 quid
1191 277 1326 313 turbida

880 326 989 361 Roma

345 372 464 413 elevet,
483 373 633 415 accedas,
654 384 870 420 examenque
885 375 1082 420 improbum
1097 376 1134 410 in
1149 374 1207 410 illa

345 423 491 469 castiges
506 423 646 463 trutina,
661 434 723 457 nec
736 428 768 458 te
781 424 995 469 quaesiveris
1009 430 1116 459 extra.

345 472 433 506 Nam
447 473 574 507 Romae
588 472 668 518 quis
683 482 751 507 non
766 492 815 498 —
827 472 844 506 ‘?
857 493 905 498 —
919 473 962 508 ah
976 473 1006 507 si
1019 472 1070 508 fas
1083 473 1194 508 dicere
1206 493 1253 499 —
1267 474 1326 508 sed

877 521 929 556 sas

346 574 439 610 tunc,
456 579 568 614 quum
583 569 625 604 ad
633 570 792 604 canitiem
803 575 833 605 et
843 570 1101 606 nostrumistud
1111 571 1327 605 viveretriste

343 618 498 664 adspexi,
516 624 548 653 et
562 619 710 654 nucibus
726 619 871 655 facimus
886 631 1126 666 quaecumque
1138 620 1274 661 relictis,

343 679 455 714 quum
482 668 638 714 sapimus
658 674 816 715 patruos:
851 675 944 711 tunc,
970 675 1063 711 tunc,
1087 670 1263 717 ignoscite.
1279 689 1327 694 ——-

876 720 976 754 Nolo.
996 739 1044 745 —

343 764 435 807 Quid
456 764 603 800 saciam‘?
615 786 663 793 —
681 766 748 802 Sed
763 778 843 803 sum
863 768 1029 814 petulanti
1050 766 1169 813 splene
1188 767 1325 801 cachin-

874 826 932 850 no.
948 835 997 841 —
1240 850 1243 851 ⁷

392 861 585 897 Scribimus
601 862 725 898 inclusi
741 875 904 899 numeros
923 864 992 905 ille,
1008 864 1064 899 hic
1077 863 1162 910 pede
1177 863 1274 905 liber,

344 911 475 959 grande
493 911 638 959 aliquid,
660 913 754 960 quod
767 914 888 960 pulmo
902 915 1037 949 animae
1050 913 1251 961 praelargus
1265 924 1325 948 an-

873 963 974 998 belet.

343 1009 477 1045 Scilicet
490 1009 573 1045 haec
588 1011 726 1057 populo,
744 1022 926 1058 pexusque
940 1017 1088 1058 togaque
1101 1013 1238 1053 recenti,

344 1064 376 1094 et
390 1059 541 1094 natalitia
556 1060 694 1095 taudem
708 1072 788 1095 cum
804 1061 1019 1098 sardonyche
1033 1060 1146 1101 albus,

341 1104 420 1138 sede
439 1104 532 1151 leges
545 1105 646 1147 celsa,
667 1106 800 1152 liquido
813 1118 926 1151 quum
936 1101 1106 1151 plasmate
1118 1111 1238 1154 guttur

341 1153 469 1187 mobile
483 1154 655 1196 collueris‚
677 1155 825 1200 patranti
844 1154 970 1188 fractus
984 1154 1104 1190 ocello.

341 1201 403 1236 Hic
416 1214 529 1248 neque
547 1215 642 1238 more
658 1204 764 1249 probo
783 1203 900 1238 videas
916 1214 1027 1249 neque
1042 1213 1123 1237 voce
1137 1214 1255 1237 serena

343 1251 499 1298 ingentes
514 1250 682 1295 trepidare
698 1250 802 1291 Titos,
821 1261 932 1296 quum
947 1249 1099 1284 carmina
1116 1248 1276 1283 lumbum

344 1300 482 1340 intrant,
499 1304 530 1333 et
544 1298 690 1334 tremulo
704 1299 906 1345 scalpuntur
924 1299 984 1333 ubi
1000 1298 1120 1332 intima
1135 1308 1246 1333 versu.

343 1349 434 1389 Tun,
455 1347 582 1389 vetule,
603 1348 768 1383 auriculis
782 1349 903 1383 alienis
917 1347 1050 1393 colligis
1068 1358 1174 1387 escas,

344 1397 522 1438 auriculis,
540 1397 671 1442 quibus
685 1402 716 1432 et
729 1398 822 1432 dicas
837 1403 912 1432 cute
920 1397 1091 1442 perditus:
1107 1396 1171 1431 ohe
1183 1394 1324 1429 1-9-

347 1447 437 1489 Quid
450 1449 619 1487 didicisse,
636 1450 704 1481 nisi
717 1449 778 1481 hoc
791 1451 987 1491 fermentum
997 1452 1119 1491 etquae
1127 1447 1326 1480 semelintus

298 1514 305 1526 ι
343 1500 465 1531 innata
479 1502 537 1536 est,
554 1502 655 1539 rupto
669 1500 778 1531 iecore
791 1499 914 1531 exierit
930 1494 1135 1540 caprificus?
1149 1515 1197 1520 —

344 1546 396 1580 En
413 1544 522 1590 pallor
536 1546 761 1591 seniumque!
779 1566 828 1571 —
842 1545 870 1580 O
887 1545 1015 1580 mores!
1044 1545 1161 1590 Usque
1176 1542 1304 1578 adeone

345 1594 431 1629 scire
445 1599 545 1629 tuum
562 1594 647 1629 nihil
663 1600 725 1636 est,
743 1595 822 1636 nisi,
840 1600 871 1629 te
885 1595 971 1629 scire
984 1594 1058 1635 hoc,
1075 1591 1327 1628 sciatalter‘?-—

395 1644 436 1678 A!
452 1645 633 1688 pulchrum
651 1651 711 1685 est,
737 1647 843 1689 digito
856 1646 1057 1684 monstrari,
1073 1649 1103 1679 et
1121 1646 1240 1683 dicier,
1261 1641 1326 1676 Hic

877 1695 943 1728 est!

351 1741 378 1775 T
377 1743 424 1776 en'
441 1744 648 1778 cirratorum
665 1749 795 1778 centum
812 1746 942 1779 dictata
959 1746 1062 1787 fuisse
