1252 2025
26 76 29 101 ¹
421 81 609 110 SATIRA
634 83 676 110 X.
979 80 1041 113 109

25 155 29 194 ε
58 150 187 185 cervice
201 148 332 183 astricta
347 146 528 181 dominum
541 147 691 182 traham(
729 147 769 181 lli
784 159 960 183 sermones

25 207 27 217 ¹
58 205 141 233 tunc
153 198 194 232 (le
209 197 340 238 Seiano,
357 202 483 231 secreta
503 197 585 232 baec
602 207 781 232 murmura
796 196 908 244 vulgi.

24 249 27 280 i
58 248 163 283 visne
177 245 328 286 salutari,
349 245 438 279 sicut
453 246 624 280 Seianus?
650 246 776 280 babere
1081 254 1115 280 90

24 294 26 312 ³
59 293 294 331 tantumdem?
319 300 422 340 atque
438 294 485 329 illi
502 295 604 329 sellas
619 295 745 329 donare
763 294 913 336 curules,

22 343 26 383 ,⁴
58 345 156 380 illum
171 343 377 379 exercitibus
394 343 625 389 praeponere?
651 350 740 379 tutor
757 344 874 379 haberi

21 388 26 428 1
58 393 231 440 principis,
250 399 396 439 angusta
413 394 623 439 Caprearum
641 394 674 427 in
691 405 776 439 rupe
790 393 941 428 sedentis

21 446 24 464 ¹
57 454 136 478 cum
148 453 250 489 grege
271 442 442 477 Chaldaeo
450 444 467 476 ²?
494 444 546 478 vis
562 449 669 477 certae
684 442 752 488 pila
767 443 927 483 cohortis,

20 467 24 527 l
58 492 209 539 egrogios
224 492 369 537 equites,
388 498 420 526 et
434 497 544 526 castra
558 491 769 526 domestica?
795 491 925 533 Quidni
1083 499 1115 526 95

20 540 23 587 1
56 541 138 576 haec
150 540 294 585 cupias?
318 542 372 578 Et,
389 541 450 586 qui
466 541 589 575 nolunt
603 540 754 574 occidere
768 551 995 585 quemquam,

55 601 154 636 posse
168 589 298 624 volunt.
338 589 403 624 Sed
419 600 508 635 quae
524 589 695 635 praeclara
710 594 741 623 et
755 599 917 634 prospera
934 588 1030 631 tanti,

18 638 22 676 1
54 645 93 673 ιιι
107 639 209 673 rebus
224 638 320 674 laetis
334 650 395 684 par
409 639 453 673 sit
469 650 632 673 mensura
644 636 843 672 malorum?

17 684 21 734 1
54 688 177 728 Huius,
195 688 257 733 qui
273 688 432 727 trabitur,
449 693 659 732 praetextam
674 699 812 722 sumerc
827 686 963 722 mavis?

55 748 97 771 an
116 737 326 770 Fidenarum
343 735 605 781 Gabiorumque
619 747 693 769 esse
707 741 867 780 potestas,
1064 743 1115 770 100

55 790 87 819 et
103 785 144 819 de
160 796 320 818 mensura
338 784 391 818 ius
406 784 528 824 dicere,
547 796 628 819 vasa
644 785 777 818 minora

4 872 7 875 ,
55 833 223 879 frangere,
242 844 420 878 pannosus
436 834 554 867 vacuis
569 833 689 867 aedilis
704 832 869 868 Ulubris?

54 883 146 928 Ergo
160 882 246 927 quid
261 882 450 927 optandum
465 881 560 923 soret,
582 883 758 929 ignorasse
772 882 886 918 fateris

55 932 237 966 Seianum:
268 943 348 965 nam
364 932 424 977 qui
443 932 568 966 nimios
582 932 720 977 optabat
734 932 881 966 honores

54 985 86 1015 et
100 980 227 1015 nimias
240 980 399 1026 poscebat
414 991 507 1026 opes,
526 993 709 1016 numerosa
723 982 866 1027 parabat
1013 983 1015 986 ’
1065 989 1116 1016 105

54 1029 208 1064 excelsae
223 1031 327 1063 turris
344 1030 505 1071 tabulata,
524 1031 617 1065 unde
631 1030 729 1065 altior
743 1035 832 1065 esset

54 1090 154 1113 casus
171 1083 204 1113 et
220 1079 391 1125 impulsae.
406 1091 565 1125 praeceps
583 1081 734 1115 immane
748 1080 880 1115 ruinae.

55 1127 148 1170 Quid
162 1127 316 1168 Crassos,
333 1128 419 1174 quid
436 1130 613 1174 Pompeios
628 1128 773 1163 evertit?
798 1133 830 1162 et
843 1127 955 1169 illum,

55 1177 99 1211 ad
115 1188 178 1210 sua
193 1177 254 1223 qui
269 1177 416 1211 domitos
431 1178 576 1211 deduxit
592 1177 695 1223 flagra
711 1176 885 1218 Quirites?

54 1226 224 1260 Summus
239 1236 363 1269 nempe
378 1225 484 1266 loeus,
503 1225 596 1259 nulla
612 1237 679 1260 non
695 1231 765 1260 arte
777 1226 916 1272 petitus,
1065 1233 1115 1260 110

53 1284 251 1320 magnaque
264 1273 472 1308 numinibus
487 1280 565 1309 vota
579 1275 740 1310 exaudita
756 1275 934 1322 malignis.

54 1322 108 1358 Ad
122 1333 289 1369 generum
306 1323 438 1358 Cereris
454 1324 528 1359 sine
545 1324 647 1358 caede
662 1329 694 1359 et
710 1324 851 1359 vulnere
865 1325 967 1370 pauci

55 1371 267 1407 descendunt
280 1383 389 1419 reges,
407 1378 439 1406 et
453 1373 541 1407 sicca
558 1378 667 1407 morte
680 1373 829 1419 tyranni.

104 1420 296 1467 Eloquium
310 1433 348 1455 ac
363 1420 490 1456 samam
505 1422 744 1457 Demosthenis
760 1426 818 1457 aut
836 1421 1010 1458 Ciceronis

57 1470 177 1516 incipit
191 1475 318 1516 optare.
335 1475 367 1505 et
380 1471 458 1506 totis
473 1471 750 1517 Quinquatribus
763 1475 868 1517 optat,
1065 1478 1116 1505 115

57 1519 219 1566 quisquis
234 1520 347 1555 adhuc
361 1532 432 1555 uno
445 1526 578 1566 partam
592 1520 671 1555 colit
685 1532 759 1555 asse
772 1521 976 1562 Minervam,

58 1579 163 1614 quem
176 1570 334 1615 sequitur
346 1575 462 1605 custos
477 1575 644 1617 angustae
657 1569 802 1605 vernula
815 1581 950 1616 capsae.

58 1617 205 1664 Eloquio
217 1618 279 1654 sed
292 1623 438 1665 uterque
452 1623 539 1665 perit
553 1624 680 1655 orator:
709 1624 900 1665 utrumque

59 1665 177 1713 largus
191 1673 223 1702 et
236 1668 419 1704 exundans
434 1669 499 1704 leto
514 1669 607 1704 dedit
620 1669 751 1716 ingenii
765 1668 855 1703 fons.

60 1716 203 1763 Ingenio
216 1729 342 1753 manus
359 1724 409 1754 est
421 1724 453 1754 et
467 1720 585 1754 cervix
599 1730 713 1762 caesa3
743 1729 805 1754 nec
817 1728 988 1764 umquam
1065 1722 1126 1765 120>
