1406 2047
243 368 277 395 90

244 663 277 690 95

318 96 357 129 16
680 99 723 128 A.
756 97 926 127 PERSII

315 165 377 200 His
390 162 542 211 populus
557 162 661 199 ridet:
690 162 914 210 multumque
927 170 1038 200 torosa
1052 165 1215 201 iuventus

316 214 509 262 ingeminat
521 212 687 249 tremulos
702 223 786 247 naso
800 213 970 259 crispante
982 214 1181 249 cachinnos.
1198 235 1247 241 —

364 264 517 307 Inspice:
543 266 657 298 nescio
671 265 754 307 quid
769 265 1138 307 trepidatmihipectus‚
1151 268 1302 309 etaeyris

313 315 471 357 saucibus
485 315 632 347 exsudat
646 314 765 356 yravis
778 312 906 346 halitus
913 325 924 355 ;
949 315 1089 356 inspice,
1104 315 1219 348 sodes:

315 362 376 408 qui
391 361 473 396 dicit
487 360 632 402 medico,
651 361 769 395 iussus
782 360 1006 405 requiescere,
1023 367 1208 408 postquam

314 411 412 445 tertia
429 410 636 455 compositas
649 409 738 444 vidit
750 420 821 444 nox
834 420 968 444 currere
983 420 1101 452 venas,

315 460 357 494 de
371 459 500 494 maiore
513 459 616 494 domo
630 458 764 494 modice
777 458 912 493 sitiente
929 457 1049 506 lagena

316 508 406 544 lenia
421 508 532 543 loturo
545 508 612 542 sibi
627 508 830 542 Surrentina
846 508 985 554 rogavit.
1000 527 1049 534 -

315 558 432 593 »Heus
446 557 548 599 bone,
569 563 607 592 tu
626 556 766 604 palles«
779 577 828 583 —-
841 558 939 592 Nihil
953 563 1011 592 est.
1023 577 1072 584 —
1089 557 1237 594 »Videas
1252 564 1301 593 ta-

851 617 931 641 men
946 606 1050 647 istud,

315 655 492 703 quidquid
510 655 546 691 id
561 661 628 691 est:
658 656 772 704 surgit
786 656 883 691 tacite
897 655 958 690 tibi
976 656 1066 691 lutea
1081 655 1271 702 pellis«—

314 707 357 742 At
372 712 407 741 tu
421 709 569 741 deterius
579 708 708 750 palles:
735 718 776 741 ne
787 710 836 741 sis
849 708 931 740 mihi
945 712 1054 741 tutor:

257 792 264 800 ‚
316 759 387 790 iam
398 758 533 799 pridem
547 758 634 791 hunc
647 756 768 800 sepeli:
800 762 836 790 tu
849 761 968 790 restas.
983 775 1032 781 —
1055 767 1071 787 ›>
1079 754 1197 800 Perge,
1214 758 1302 788 taee-

315 851 493 899 Turgidus
507 851 564 886 hic
577 850 690 898 epulis
705 856 809 898 atque
822 803 905 886 alblo-
920 816 1037 886 {entre
1051 849 1197 891 lavatur,

315 907 456 949 gutture
484 901 656 937 sulfureas
670 901 760 937 lente
772 900 955 936 exhalante
968 900 1156 946 mephites:

245 958 296 985 100
316 951 376 987 sed
387 957 515 986 tremor
529 951 617 986 inter
630 951 712 987 vina
726 951 831 991 subit,
851 949 1075 995 calidumque
1089 950 1247 984 trientem

315 1001 446 1036 excutit
459 1012 476 1035 e
490 1001 671 1036 manibus:
701 1000 819 1036 dentes
834 1009 994 1045 crepuere
1007 999 1140 1033 retecti:

318 1056 419 1084 uncta
432 1050 561 1085 cadunt
575 1050 664 1085 laxis
678 1055 761 1086 tunc
778 1048 1008 1096 pulmentaria
1021 1047 1149 1082 labris:

316 1099 399 1134 hinc
413 1099 506 1140 tuba,
524 1099 707 1136 candelae:
734 1099 946 1145 tandemque
959 1095 1119 1132 beatulus
1132 1095 1201 1130 alto

317 1148 528 1193 compositus
543 1148 638 1184 lecto,
654 1149 851 1188 crassisque
862 1147 991 1177 lutntus
1005 1143 1167 1185 amomis,

247 1204 296 1232 105
317 1197 352 1232 in
367 1201 501 1242 portam
517 1193 647 1240 rigidos
660 1191 770 1226 calces
785 1190 938 1226 extendit
953 1204 960 1225 τ
990 1196 1023 1224 at
1037 1190 1138 1226 illum

317 1245 468 1282 hesterni
487 1244 598 1289 capite
611 1241 733 1277 induto
746 1240 883 1275 subiere
896 1239 1059 1282 Quirites.
1074 1259 1123 1265 -—

368 1295 511 1341 »Tange
541 1293 648 1328 miser
673 1302 799 1332 venas,
823 1294 856 1325 et
887 1299 976 1361 pon'e
1003 1288 1039 1323 in
1063 1293 1196 1334 pectore
1221 1288 1306 1324 dex-

851 1343 984 1373 tram.«
1000 1356 1051 1364 —

321 1392 381 1427 Nil
402 1393 488 1427 calet
512 1393 578 1426 hic.
596 1409 646 1416 —
671 1398 925 1433 »summosque
943 1385 1046 1432 pedes
1065 1384 1206 1434 adtinge
1231 1397 1306 1421 ma-

856 1446 1032 1482 nusque«
1048 1455 1096 1461 —

321 1491 399 1526 Non
411 1493 550 1535 sriqent.
566 1508 616 1514 —
628 1487 711 1523 Visa
724 1491 776 1522 est
788 1486 818 1521 si
830 1485 913 1521 forte
925 1484 1081 1532 pecunia,
1097 1484 1170 1520 sive

250 1548 300 1575 110
320 1539 468 1575 candida
482 1538 588 1573 vicini
603 1537 748 1572 subrisit
761 1535 865 1571 molle
877 1534 1003 1582 puella,

323 1600 380 1624 cor
395 1589 458 1624 tibi
476 1588 540 1623 rite
553 1586 658 1622 salit?
671 1607 720 1613 —
732 1586 889 1622 Positum
902 1590 952 1620 est
964 1583 1098 1632 algente
1111 1582 1223 1618 catino

322 1639 453 1674 durum
467 1637 556 1679 olus,
574 1642 606 1672 et
618 1635 738 1684 populi
753 1636 866 1671 cribro
878 1635 1034 1671 discussa
1047 1632 1176 1668 farina:

323 1693 497 1723 tentemus
514 1686 643 1722 fauces.
686 1687 816 1722 Tenero
830 1685 909 1721 latet
920 1683 1020 1720 ulcus
1033 1683 1068 1718 in
1082 1692 1140 1717 ore

325 1743 438 1784 putre¹
456 1736 552 1784 quod
567 1735 659 1772 haud
674 1736 789 1772 deceat
801 1735 933 1783 plebeia
948 1732 1064 1769 radere
1077 1731 1166 1767 beta.
