1406 2047
272 381 322 408 255

277 1116 329 1144 270

349 108 411 142 ⁴⁴4
695 111 974 142 IUVENALIS

343 176 519 218 adtendas,
537 182 708 224 quantum
723 177 766 212 de
780 176 916 225 legibus
931 178 1004 224 ipse
1020 184 1187 225 queratur

344 226 492 261 fatorum
509 233 541 261 et
558 227 666 261 nimio
680 226 722 261 de
735 228 893 270 stamine,
911 238 1021 274 quum
1035 228 1128 263 videt
1141 228 1229 263 acris

345 275 520 311 Antilochi
540 276 683 310 barbam
700 275 886 312 ardentem.
914 278 1001 312 Nam
1015 278 1149 324 quaerit
1163 278 1205 312 ab
1219 279 1328 322 omni,

344 325 508 371 quisquis
522 325 628 365 adest,
646 326 750 368 socio,
766 336 830 361 cur
842 326 925 361 haec
940 327 974 361 in
991 333 1141 373 tempora
1156 327 1267 369 duret,

343 374 439 419 quod
452 373 586 409 facinus
601 353 750 421 dignum⁷
763 381 831 410 tam
848 375 951 421 longo
963 375 1139 410 admiserit
1153 387 1249 410 aevo.

345 423 434 457 Ilaec
453 422 571 457 eadem
590 424 724 464 Peleus,
748 429 885 469 raptum
906 434 1018 470 quum
1039 423 1134 472 luvet
1146 424 1328 467 Achillem,

346 477 449 518 atque
463 471 563 511 alius,
581 472 636 506 cui
653 471 702 506 fas
722 473 876 508 Ithacum
891 472 1009 520 lugere
1023 479 1210 509 natantem.

346 521 514 555 Incolumi
530 521 628 555 Troia
647 522 806 556 Priamus
824 523 975 557 venisset
989 523 1030 557 ad
1046 523 1189 558 umbras

346 570 502 604 Assaraci
517 571 654 616 magnis
669 570 884 612 solennibus,
902 573 1042 607 Hectore
1054 571 1160 608 funus

345 624 501 665 portante
515 630 552 653 ac
566 619 710 665 reliquis
726 619 870 654 fratrum
885 621 1091 661 cervicibus,
1114 622 1201 655 inter

346 667 495 703 Iliadum
512 667 696 709 lacrumas,
712 674 751 702 ut
763 669 894 713 primos
907 668 1006 703 edere
1020 669 1181 713 planctus

347 716 539 752 Cassandra
554 718 729 760 inciperet,
747 716 924 760 scissaque
940 715 1114 761 Polyxena
1128 717 1232 761 palla,

347 766 376 800 si
391 764 475 799 soret
488 765 678 799 exstinctus
692 763 830 798 diverso
843 768 1006 808 tempore,
1024 773 1096 818 quo
1108 763 1180 799 iam

347 818 502 860 coeperat
516 812 661 848 audaces
675 812 771 847 Paris
785 811 964 847 aedificare
977 813 1123 847 carinas.

349 864 467 910 Longa
482 863 556 897 dies
572 863 678 909 igitur
691 861 778 908 quid
792 861 960 897 contulit?
985 862 1111 897 Omnia
1124 861 1213 898 vidit
1259 881 1263 883 -

348 923 478 954 eversa,
496 917 527 946 et
541 910 691 946 flammis
706 911 824 946 Asiam
839 911 999 957 ferroque
1012 911 1200 947 cadentem.

349 963 446 997 Tunc
460 960 561 996 miles
575 960 746 996 tremulus
760 961 870 1008 posita
885 960 964 996 tulit
978 972 1072 996 arma
1087 961 1174 996 tiara

347 1016 380 1047 et
394 1011 462 1046 ruit
479 1015 558 1045 ante
574 1022 668 1045 aram
684 1011 814 1046 summi
829 1011 934 1052 Iovis,
953 1016 991 1046 ut
1005 1010 1144 1046 vetulus
1157 1011 1231 1051 bos,

349 1061 411 1107 qui
425 1060 559 1095 domini
576 1060 696 1095 cultris
711 1066 814 1096 tenue
829 1066 862 1096 et
875 1060 1072 1096 miserabile
1085 1060 1214 1096 collum

349 1109 499 1156 praebet,
516 1109 559 1144 ab
574 1110 708 1156 ingrato
723 1111 790 1145 iam
806 1109 980 1145 fastiditus
993 1114 1113 1145 aratro.

349 1159 474 1194 Exitus
493 1157 551 1193 ille
565 1164 755 1204 utcumque
770 1160 941 1195 hominis:
971 1159 1031 1195 sed
1047 1165 1142 1195 torva
1160 1157 1284 1194 canino

350 1207 487 1243 latravit
501 1208 600 1248 rictu,
618 1219 707 1253 quae
722 1213 797 1253 post
812 1208 907 1242 hunc
921 1209 1065 1248 vixerat,
1086 1218 1189 1243 uxor.

350 1257 490 1292 Festino
503 1256 546 1291 ad
561 1262 706 1297 nostros,
724 1263 756 1291 et
771 1267 885 1304 regem
904 1262 1040 1291 transeo
1055 1257 1165 1296 Ponti,

351 1311 385 1342 et
397 1306 575 1346 Croesum,
591 1317 697 1351 quem
712 1317 780 1341 vox
796 1306 876 1340 iusti
892 1305 1037 1340 facunda
1051 1304 1187 1339 Solonis

280 1363 331 1391 275
352 1355 520 1400 respicere
533 1354 576 1388 ad
590 1354 712 1400 longae
727 1356 827 1388 iussit
841 1356 948 1398 spatia
963 1354 1085 1389 ultima
1099 1354 1201 1388 vitae.

352 1403 528 1440 Exsilium
543 1408 575 1437 et
587 1413 700 1437 carcer
713 1403 1041 1447 Minturnarumque
1058 1402 1202 1447 paludes

354 1459 387 1489 et
399 1453 613 1488 mendicatus
631 1452 718 1486 victa
730 1451 938 1498 Carthagine
951 1450 1050 1496 panis

355 1504 437 1538 hinc
450 1513 572 1537 causas
587 1502 752 1536 habuere.
791 1500 884 1543 Quid
901 1500 958 1535 illo
971 1501 1044 1535 cive
1058 1498 1191 1534 tulisset

356 1557 478 1587 natura
498 1552 532 1586 in
551 1551 662 1592 terris,
679 1550 766 1597 quid
778 1551 884 1585 Roma
902 1550 1034 1585 beatius
1048 1559 1231 1595 umquam,

284 1609 335 1637 280
356 1602 398 1642 si,
416 1600 652 1635 circumducto
666 1601 882 1646 captivorum
896 1599 1034 1647 agmine
1047 1604 1080 1634 et
1097 1599 1194 1633 omui

356 1649 528 1685 bellorum
542 1661 680 1696 pompa,
699 1651 851 1685 animam
865 1648 1057 1685 exhalasset
1070 1649 1236 1694 opimam,

358 1710 470 1746 quum
483 1699 526 1735 de
540 1700 726 1735 Teutonico
742 1699 844 1735 vellet
857 1698 1060 1734 descendere
1073 1696 1202 1733 curru‘?

359 1748 506 1784 Provida
520 1750 683 1796 Pompeio
696 1749 833 1785 dederat
846 1748 1032 1796 Campania
1048 1746 1158 1784 febres
