1406 2047
438 83 627 114 SATIRA
653 82 697 114 V.
1013 81 1055 115 59

78 153 153 187 Una
166 156 282 192 simus,
298 151 355 184 ait.
397 150 561 185 Votorum
581 149 736 184 summa!
764 147 856 191 Quid
870 148 958 184 ultra

73 200 238 248 quaeris?
273 199 382 234 Habet
412 199 576 241 Trebius,
610 203 746 244 propter
775 198 870 244 quod
898 209 1058 245 rumpere

606 258 768 283 somnum

73 298 193 333 debeat
205 301 236 331 et
250 296 377 344 ligulas
390 296 574 338 dimittere,
591 296 770 338 sollicitus,
789 307 833 332 ne

73 352 138 382 tota
154 344 337 381 salutatrix
356 347 424 381 iam
439 347 540 381 turba
557 345 858 393 peregeritorbem

72 396 245 431 sideribus
260 395 390 436 dubiis,
406 401 465 430 aut
480 396 538 430 illo
552 401 715 441 tempore,
733 406 804 441 quo
817 405 855 430 se

72 444 198 491 frigida
211 445 452 492 circumagunt
465 446 554 492 pigri
567 456 701 480 sarraca
715 445 848 479 Bootae.

73 494 193 537 Qualis
208 505 312 529 coena
328 494 468 529 tamen‘?
494 495 637 535 Vinum,
655 494 749 540 quod
764 492 902 528 succida
917 492 1004 528 nolit

72 543 150 578 lana
164 544 252 589 pati:
282 544 324 578 de
338 544 483 578 conviva
500 543 695 590 Corybanta
709 542 859 578 videbis.

73 593 189 639 Iurgia
202 592 410 638 proludunt,
440 591 501 626 sed
515 603 597 627 mox
615 597 647 627 et
660 591 782 638 pocula
795 596 935 638 torques

71 642 223 683 saucius,
241 646 272 676 et
285 641 390 676 rubra
408 641 563 688 deterges
576 641 722 677 vulnera
737 652 876 687 mappa,

72 691 160 726 inter
173 702 235 727 vos
248 692 382 737 quoties
399 691 674 737 libertorumque
686 690 861 726 cohortem

73 751 191 785 pugna
206 740 398 785 Saguntina
412 740 519 775 fervet
531 740 717 774 commissa
732 739 868 786 lagena.

75 790 153 834 Ipse
167 788 326 833 capillato
339 788 508 822 diffusum
523 788 665 822 consule
679 792 772 832 potat

75 837 309 883 calcatamque
325 842 414 871 tenet
428 836 528 871 bellis
541 835 727 871 socialibus
740 846 859 878 uvam,

75 886 231 921 cardiaco
245 897 440 931 numquam
455 886 621 932 cyathum
637 885 811 920 missurus
826 884 949 920 amico.

75 935 159 970 Cras
173 935 268 969 bibet
282 935 426 970 Albanis
441 935 576 981 aliquid
594 935 635 969 de
650 935 839 976 montibus.
857 939 916 969 aut
928 933 971 970 de

75 984 216 1026 Setinis,
237 985 338 1019 cuius
353 985 500 1030 patriam
514 984 727 1029 titulumque
741 988 899 1019 senectus

76 1033 203 1068 delevit
216 1033 326 1067 multa
341 1035 465 1066 veteris
482 1033 630 1078 fuligine
645 1037 766 1075 testae,

76 1081 179 1128 quale
192 1082 342 1117 coronati
360 1081 507 1116 Thrasea
522 1081 773 1127 Helvidiusque
787 1079 942 1115 solebant

76 1132 261 1166 Brutorum
280 1136 312 1166 et
326 1131 424 1165 Cassi
442 1130 630 1164 natalibus.
671 1131 747 1175 Ipse
760 1140 900 1175 capaces

77 1180 260 1215 Heliadum
279 1184 413 1213 crustas
427 1184 459 1213 et
473 1178 674 1224 inaequales
687 1178 822 1226 beryllo

76 1230 177 1265 Virro
191 1231 282 1262 tenet
294 1227 448 1273 phialas:
477 1228 541 1262 tibi
555 1239 624 1262 non
638 1228 865 1263 committitur
878 1238 1003 1264 aurum
1015 1241 1022 1272 3

76 1277 144 1319 vel,
162 1277 191 1312 si
206 1277 347 1323 quando
360 1277 474 1319 datur,
491 1282 607 1312 custos
622 1276 749 1312 affixus
764 1277 906 1319 ibidem,

76 1328 138 1374 qui
153 1331 311 1362 numeret
315 1337 481 1375 gemmas
489 1338 698 1373 unguesque
705 1327 862 1362 observet
870 1327 1033 1363 aduncos.

76 1378 124 1411 Da
139 1376 297 1411 veniam:
327 1375 500 1421 praeclara
514 1376 585 1410 illic
599 1375 759 1410 laudatur
774 1376 893 1421 iaspis.

79 1427 168 1461 Nam
182 1426 293 1467 Virro,
316 1430 354 1459 ut
372 1424 486 1466 multi,
502 1436 659 1471 gemmas
673 1425 716 1459 ad
729 1425 853 1470 poeula
867 1423 1030 1461 transfert

80 1487 99 1510 a
112 1475 244 1522 digitis,
264 1486 353 1520 quas
367 1475 403 1509 in
418 1474 564 1521 vaginae
578 1473 687 1509 fronte
700 1474 831 1509 solebat

80 1535 207 1570 ponere
221 1523 378 1571 zelotypo
393 1524 530 1559 iuvenis
548 1523 720 1570 praelatus
740 1524 868 1559 Iarbae.

81 1574 134 1608 Tu
151 1574 382 1608 Beneventani
400 1573 526 1608 sutoris
540 1584 665 1608 nomen
682 1573 867 1608 habentem

82 1622 227 1657 siccabis
242 1622 383 1658 calicem
399 1633 562 1657 nasorum
574 1626 733 1668 quatuor,
750 1632 788 1656 ac
802 1622 872 1656 iam

83 1677 300 1717 quassatum,
316 1677 348 1707 et
362 1677 463 1718 rupto
477 1676 672 1718 poscentem
686 1671 855 1717 sulphura
868 1671 971 1706 vitro.

77 1720 118 1759 ,Si
134 1721 332 1758 stomachus
347 1721 480 1757 domini
494 1720 600 1756 fervet
614 1721 766 1768 vinoque
777 1721 936 1768 ciboque,

1098 304 1130 330 20

1099 548 1132 575 ‘25

1103 1283 1136 1311 40

1105 1528 1138 1557 45
