1406 2047
352 312 403 340 120

351 607 402 636 125

350 852 401 881 130

350 1099 400 1128 135

424 88 466 122 96
774 91 1046 123 IUVENALIS

423 157 673 205 Illyricumque
692 157 781 192 latus
796 172 802 192 :
832 169 932 204 parce
945 164 977 194 et
991 161 1203 196 messoribus
1216 160 1295 204 illis,

423 208 486 253 qui
505 212 660 242 saturant
674 208 796 242 urbem
817 208 914 242 Circo
928 219 1117 256 scenaeque
1130 217 1322 246 vacantem.

423 256 559 299 Quanta
584 262 697 291 autem
720 257 800 291 inde
820 256 989 292 forestam
1003 258 1096 294 dirae
1109 261 1260 305 praemia
1275 259 1356 308 culp

423 317 535 351 quum
553 311 672 340 tenues
688 318 798 351 nuper
816 306 946 341 Marius
960 306 1160 343 discinxerit
1175 308 1301 344 Afros‘?

424 354 629 390 Curandum
646 356 681 389 in
696 356 832 400 primis,
851 367 894 390 ne
912 368 1038 403 magna
1054 357 1179 392 iniuria
1199 358 1258 392 siat

423 403 570 440 sortibus
584 409 616 439 et
629 404 780 440 miseris.
810 405 924 440 Tollas
939 405 1015 440 licet
1027 417 1141 448 omne,
1157 407 1250 453 quod
1258 419 1372 454 usqua

958 461 1012 489 est

423 503 497 537 auri
519 507 622 549 atque
640 508 789 549 argentm
819 508 957 539 scutum
980 503 1208 551 gladiumque
1222 504 1358 551 relinqu
1404 543 1406 555 Ι

422 557 454 586 et
468 552 576 586 iacula
593 557 625 586 et
637 553 790 599 galeam:
821 553 976 598 spoliatis
991 565 1084 588 arma
1100 559 1297 599 supersunt.

422 600 522 644 Quod
536 601 638 636 modo
652 603 829 647 proposui,
847 613 914 637 non
930 608 979 637 est
994 603 1158 637 sententia
1172 617 1178 636 z
1208 614 1330 638 verum

423 651 548 685 credite
562 662 617 686 me
631 651 731 685 vobis
745 650 866 686 folium
886 653 1024 686 recitare
1037 651 1203 698 Sibyllae.

421 699 457 734 Si
472 700 532 734 tibi
549 705 664 734 sancta
679 700 801 734 cohors
816 701 995 741 comitum,
1011 701 1040 734 si
1056 712 1157 735 nemo
1171 699 1322 734 tribunal

421 748 540 783 vendit
559 749 810 788 Acemecomes,
838 749 867 782 si
889 748 1027 783 nullum
1049 749 1083 782 in
1102 749 1249 795 coniuge
1265 749 1370 783 crime

422 808 483 832 nec
497 809 557 842 per
571 803 762 832 conventus
777 808 838 832 nec
852 802 974 832 cuncta
987 808 1047 843 per
1061 797 1186 843 oppida
1201 798 1318 832 curvis

422 846 603 894 unguibus
618 847 665 880 ire
679 850 774 892 parat
791 857 917 880 numos
933 853 1070 892 raptura
1085 846 1248 881 Celaeno:

422 902 505 931 tunc
519 895 595 930 licet
610 907 627 930 a
647 896 725 930 Pico
738 906 900 930 numeres
914 907 1037 943 genus,
1056 895 1192 942 altaque
1205 896 1234 930 si
1250 901 1281 931 te

421 946 563 980 nomina
579 944 758 987 delectant,
775 956 915 980 omnem
931 945 1088 980 Titanida
1103 956 1260 992 pugnam

422 995 512 1029 inter
524 995 672 1029 maiores
687 995 875 1041 ipsumque
890 995 1088 1030 Promethea
1102 1005 1228 1040 ponas:

421 1044 463 1079 de
477 1055 701 1090 quocumque
715 1044 809 1080 voles
827 1056 997 1091 proavum
1012 1044 1075 1079 tibi
1088 1044 1216 1079 sumito
1231 1042 1329 1078 libro.

420 1093 521 1136 Quod
534 1094 563 1128 si
579 1095 798 1140 praecipitem
813 1095 901 1140 rapit
914 1095 1058 1129 ambitio
1071 1099 1173 1140 atque
1187 1092 1307 1135 libido,

420 1143 450 1177 si
465 1142 597 1190 frangis
610 1144 726 1190 virgas
742 1144 914 1178 sociorum
930 1144 965 1178 in
981 1145 1163 1190 sanguine,
1181 1143 1211 1178 si
1226 1147 1257 1178 te

420 1191 589 1228 delectant
602 1193 739 1227 hebetes
754 1191 844 1227 lasso
857 1192 972 1226 lictore
986 1203 1122 1226 secures
1134 1204 1140 1234 ;

422 1242 545 1286 incipit
559 1242 714 1288 ipsorum
730 1247 845 1276 contra
862 1247 893 1276 te
906 1246 994 1275 stare
1009 1245 1191 1286 parentum

422 1291 597 1332 nobilitas,
613 1291 814 1336 claramque
828 1290 935 1325 racem
950 1289 1118 1335 praeferre
1134 1286 1320 1334 pudendis.

350 1344 402 1374 140
423 1339 536 1375 Omne
555 1341 663 1375 animi
679 1340 805 1375 vitium
820 1345 914 1374 tanto
927 1339 1142 1384 conspectius
1157 1338 1192 1372 in
1210 1347 1247 1371 se

422 1389 552 1424 crimen
568 1389 683 1430 habet,
702 1394 833 1435 quanto
846 1389 968 1429 maior,
986 1387 1045 1433 qui
1060 1385 1360 1433 peccat.-habetur.

423 1438 500 1482 Quo
514 1439 600 1473 mihi
615 1444 658 1480 te,
675 1438 815 1473 solitum
832 1437 935 1473 salsas
949 1437 1087 1484 signare
1099 1434 1239 1471 tabellas

422 1488 461 1522 in
475 1488 626 1534 templis,
644 1499 734 1534 quae
748 1487 824 1522 fecit
839 1499 937 1527 avus,
955 1491 1172 1531 statuamque
1187 1484 1338 1530 parentis

424 1542 503 1572 ante
515 1536 788 1583 triumphalem?
813 1547 895 1583 quo,
912 1536 942 1571 si
957 1540 1144 1571 nocturnus
1158 1532 1292 1568 adulter

352 1591 404 1622 145
423 1591 578 1633 tempora
590 1586 774 1621 Santonico
788 1586 882 1621 velas
895 1585 1052 1631 adoperta
1065 1582 1224 1619 cucullo‘?

425 1637 561 1671 Praeter
578 1636 751 1671 maiorum
766 1636 896 1671 cineres
909 1640 1012 1681 atque
1023 1644 1101 1669 ossa
1117 1631 1249 1668 volucri

425 1691 585 1732 carpento
601 1686 733 1731 rapitur
745 1686 889 1732 pinguis
907 1683 1132 1729 Damasippus
1143 1687 1173 1716 et
1189 1682 1274 1727 ipse,

425 1736 500 1781 ipse
514 1740 623 1772 rotam
638 1735 822 1782 adstringit
837 1735 946 1770 multo
959 1731 1153 1770 sufflamine
1167 1729 1294 1766 Consul
1309 1743 1315 1764 :
