1406 2047
425 71 489 105 400
788 84 1063 120 IUVENALIS

420 140 451 175 si
470 139 584 178 lentus
597 145 697 193 pigra
711 150 863 186 muniret
877 159 986 190 castra
1001 156 1154 196 dolabra.

418 190 481 226 Hic
495 196 610 229 tamen
628 201 659 230 et
675 197 835 234 Cimbros
850 207 881 236 et
895 215 1033 241 summa
1047 210 1199 254 pericula
1214 223 1331 249 rerum

345 243 396 273 250
417 241 556 288 excipit,
574 250 606 278 et
619 245 715 282 solus
730 250 959 295 trepidantem
973 259 1119 306 protegit
1134 260 1270 296 Urbem.

416 290 532 337 Atque
545 292 633 337 ideo,
649 303 836 345 postquam
853 301 896 337 ad
911 303 1070 342 Cimbros
1083 314 1304 359 stragemque
1312 313 1366 349 vol

955 353 1052 398 bant.

414 389 476 434 qui
491 401 688 438 numquam
703 395 897 444 adtigerant
911 403 1041 439 maiora
1053 406 1229 452 cadavera,
1245 413 1350 454 corvi,

413 438 542 474 nobilis
556 449 700 485 ornatur
715 444 812 482 lauro
825 449 956 499 collega
971 456 1136 492 secunda.

410 487 568 525 Plebeiae
582 492 764 530 Deciorum
784 499 931 542 animae,
948 502 1082 548 plebeia
1101 506 1242 544 fuerunt

337 540 388 570 255
409 538 570 575 nomina:
600 553 663 587 pro
677 545 756 579 totis
772 545 968 594 legionibus
984 553 1019 587 hi
1034 559 1149 592 tamen
1162 563 1194 593 et
1210 570 1273 605 pro

408 588 575 624 omnibus
590 592 731 627 auxiliis
747 601 850 642 atque
864 602 959 636 omni
974 604 1067 648 pube
1081 606 1202 643 Latina

407 635 587 674 sufficiunt
600 641 654 676 dis
674 643 819 681 infernis
835 648 1026 697 Terraeque
1041 657 1192 699 parenti:

406 684 520 731 pluris
535 690 628 724 enim
644 692 748 734 Decii,
767 707 873 740 quam
889 701 950 743 qui
965 709 1149 737 servantur
1162 706 1303 743 abillis.

405 734 540 771 Ancilla
555 744 657 774 natus
672 742 825 778 trabeam
839 751 871 779 et
883 747 1041 783 diadema
1056 750 1195 793 Quirini

332 788 385 817 260
405 789 438 818 et
452 783 561 821 fasces
577 791 716 832 meruit,
735 803 858 840 regum
873 796 1020 833 ultimus
1036 799 1093 835 ille
1104 801 1290 842 bonorum.

405 833 542 871 Prodita
558 836 723 875 laxabant
736 848 915 887 portarum
931 846 1081 885 claustra
1097 855 1254 899 tyrannis

403 884 590 922 exsulibus
609 889 753 926 iuvenes
776 893 887 939 ipsius
902 896 1076 941 Consulis,
1096 907 1129 935 et
1142 913 1230 948 quos

402 943 574 982 magnum
589 937 724 985 aliquid
742 941 848 978 dubia
864 956 926 991 pro
942 946 1095 984 libertate
1108 950 1250 996 deceret,

401 984 498 1029 quod
513 987 698 1024 miraretur
711 1001 790 1026 cum
807 993 932 1031 Coclite
945 997 1094 1041 Mucius,
1111 1006 1142 1035 et
1157 1013 1247 1048 quae

328 1037 379 1066 265
400 1033 538 1080 imperii
558 1036 645 1072 fines
661 1039 866 1078 Tiberinum
881 1046 980 1094 virgo
994 1049 1136 1085 natavit.

399 1081 541 1119 Occulta
557 1087 599 1121 ad
614 1088 729 1125 Patres
743 1093 911 1137 produxit
923 1097 1071 1133 crimina
1084 1111 1207 1136 servus

398 1135 567 1169 matronis
583 1135 775 1184 lugendus:
807 1149 839 1177 at
855 1144 932 1180 illos
947 1147 1088 1183 verbera
1104 1149 1204 1186 iustis

398 1181 555 1218 afficiunt
569 1184 685 1233 legum
701 1192 833 1234 poenis,
852 1199 884 1227 et
898 1195 1010 1239 prima
1025 1200 1170 1234 securis.

446 1232 537 1268 Malo
549 1241 645 1280 patei·
663 1238 724 1272 tibi
740 1240 785 1274 sit
803 1241 987 1284 Thersites,
1006 1244 1197 1282 dummodo
1212 1251 1310 1286 tusis

324 1284 376 1313 270
396 1280 563 1318 Aeacidae
576 1285 716 1329 similis,
733 1289 972 1339 Vulcaniaque.
986 1306 1081 1330 arma
1095 1307 1265 1342 capessas,

396 1341 504 1376 quam
519 1337 552 1367 te
567 1334 744 1372 Thersitae
759 1339 909 1376 similem
926 1344 1091 1388 producat
1104 1346 1268 1383 Achilles.

394 1379 439 1415 Et
453 1386 580 1424 tamen,
600 1390 638 1418 ut
653 1384 755 1434 longe
769 1395 900 1435 repetas
916 1391 1087 1440 longeque
1101 1395 1257 1432 revolvas

395 1441 536 1474 nomen,
557 1433 601 1467 ab
617 1433 738 1471 infami
753 1444 892 1485 gentem
906 1441 1049 1478 deducis
1063 1443 1171 1492 asylo.

395 1479 567 1516 Maiorum
582 1484 720 1528 primus
734 1488 897 1534 quisquis
912 1490 976 1526 fuit
992 1492 1049 1528 ille
1063 1499 1213 1537 tuorum,

321 1533 374 1562 275
394 1534 454 1565 aut
465 1536 583 1577 pastor
595 1531 672 1576 suit,
690 1541 748 1572 aut
763 1536 871 1582 aliud,
888 1541 983 1588 quod
996 1542 1107 1580 dicere
1117 1543 1209 1580 nolo.
