1406 2047
267 649 317 676 270

340 131 382 165 72
690 135 967 166 IUVENALIS

340 199 500 247 Adspice,
517 211 587 248 quo
602 200 740 236 fremitu
754 207 960 238 monstratos
972 202 1117 249 perferat
1133 204 1220 240 ictus

338 254 372 285 et
385 255 515 296 quanto
531 250 648 298 galeae
661 256 824 286 curvetur
840 252 1000 296 pondere,
1018 258 1146 298 quanta

338 299 529 345 poplitibus
543 300 668 340 sedeat,
686 311 793 345 quam
809 299 916 335 denso
928 300 1031 336 fascia
1043 301 1142 343 libro,

337 353 371 383 et
384 348 468 390 ride,
485 349 607 394 positis
621 349 805 394 scaphium
820 361 932 395 quum
946 351 1097 385 sumitur
1111 351 1231 387 armis.

303 405 314 420 Γ
337 398 443 432 Dicite
457 409 530 439 vos,
548 403 666 443 neptes
681 399 802 444 Lepidi
816 400 950 435 caecive
962 399 1099 442 Metelli,

339 446 497 493 Gurgitis
512 452 570 482 aut
583 447 694 488 Fabii,
711 459 800 493 quae
815 448 909 483 ludia
926 450 1090 484 sumserit
1102 460 1269 496 umquam

338 496 400 531 hos
421 496 585 532 habitus?
613 496 759 539 Quando
779 498 822 532 ad
835 497 954 542 palum
976 498 1086 545 gemit
1099 509 1187 535 uxor
1201 498 1325 547 Asyli?

387 545 530 591 Semper
543 545 647 580 habet
661 545 736 581 lites
752 546 952 593 alternaque
968 547 1080 594 iurgia
1095 546 1214 590 lectus.

339 594 374 628 in
388 605 459 640 quo
473 600 580 640 nupta
596 595 697 630 iacet:
726 596 915 630 minimum
929 596 1100 632 dormitur
1115 597 1150 632 in
1166 597 1234 634 illo.

338 643 436 678 Tunc
449 644 566 690 gravis
581 643 639 679 illa
654 644 740 685 viro,
758 649 840 680 tunc
852 645 933 680 orba
949 646 1072 692 tigride
1085 646 1192 692 peior.

337 691 454 734 Quum
470 692 610 728 simulat
623 694 775 740 gemitus
789 694 911 729 occulti
926 696 1061 729 conscia
1076 695 1166 737 sacti,

336 747 396 776 aut
407 742 479 776 odit
493 753 629 787 pueros,‚
649 748 708 776 aut
722 744 797 776 ficta
812 743 930 787 pellice
946 743 1067 787 plorat,

335 790 502 825 uberibus
517 801 652 835 semper
670 790 834 824 lacrumis
849 801 1055 836 semperque
1069 791 1198 836 paratis

336 839 372 874 in
386 840 530 874 statione
544 851 606 874 sua
622 844 724 884 atque
738 840 1017 885 exspectantibus
1036 839 1146 882 illam,

282 894 295 900 ”
334 899 404 935 quo
422 888 538 923 iubeat
551 900 691 924 manare
707 888 829 924 modo:
858 895 895 924 tu
909 888 1019 924 credis
1036 900 1203 931 amorem,

263 1139 313 1167 280

262 1384 278 1411 L>

299 1385 313 1412 ιἾ

335 944 372 972 tu
388 938 450 973 tibi
462 943 546 973 tunc
558 949 702 973 curruca
717 938 843 984 places,
862 937 1051 984 fletumque
1065 938 1200 974 labellis

334 987 509 1029 exsorbes,
530 999 620 1034 quae
633 988 758 1034 scripta
771 993 804 1023 et
818 993 902 1034 quot
917 988 1042 1023 lecture
1055 987 1210 1031 tabellas,

334 1037 364 1070 si
380 1037 442 1071 tibi
456 1037 632 1084 zelotypae
650 1043 847 1084 retegantur
860 1038 986 1073 scrinia
1003 1038 1181 1073 moechael

334 1084 402 1120 Sed
419 1086 502 1120 iacet
515 1086 550 1121 in
564 1088 655 1122 servi
674 1087 915 1133 complexibus
929 1092 988 1122 aut
1004 1088 1146 1134 equitis.
1191 1087 1263 1129 Dic,

333 1133 388 1169 dic
401 1134 566 1180 aliquem,
582 1135 696 1176 sodes,
715 1136 782 1177 hic,
800 1137 1025 1179 Quintiliane,
1041 1136 1200 1172 colorem.

334 1184 546 1218 »Haeremus
560 1198 566 1219 :
596 1184 652 1218 dic
665 1185 777 1229 ipsa.«
815 1186 904 1219 Olim
919 1192 1131 1226 convenerat,
1150 1186 1276 1232 inquit,

334 1238 370 1266 ut
382 1236 513 1277 faceres
527 1239 573 1273 tu,
591 1236 679 1277 quod
694 1235 804 1273 velles,
821 1245 880 1267 nec
896 1245 962 1267 non
977 1245 1035 1277 ⁶²90
1046 1245 1179 1276 possem

333 1284 509 1325 indulqere
522 1284 614 1317 milii.
657 1282 787 1317 Clames
803 1285 879 1317 licet
894 1289 923 1317 ct
938 1294 1032 1317 mare
1047 1285 1137 1317 coelo

335 1341 394 1364 con
413 1333 540 1365 undas:
566 1333 662 1365 homo
675 1342 759 1366 sum.
799 1331 894 1365 Nihil
908 1337 959 1366 est
973 1331 1138 1366 audacius
1153 1330 1222 1365 illis

333 1378 530 1424 deprensis:
561 1379 647 1414 iram
666 1385 770 1426 atque
783 1381 919 1415 animos
934 1393 952 1415 a
966 1381 1110 1415 crimine
1123 1386 1280 1416 sumunt.

335 1428 433 1463 Unde
446 1428 530 1463 haec
542 1434 696 1464 monstra
710 1434 824 1464 tamen
839 1429 892 1465 vel
904 1429 1024 1476 quode
1035 1429 1136 1472 fonte,
1147 1431 1320 1477 requiris?

333 1477 531 1512 praestabat
542 1483 653 1512 castas
668 1478 814 1513 humilis
829 1478 964 1515 fortuna
979 1480 1118 1515 Latinas

333 1527 524 1572 quondam,
547 1538 609 1562 nec
620 1527 714 1562 vitiis
728 1528 880 1575 contingi
894 1541 1000 1575 parva
1014 1529 1148 1564 sinebat

334 1579 418 1610 tecta
434 1575 541 1617 labor,
558 1577 742 1622 somnique
758 1577 893 1621 breves,
910 1583 942 1614 et
955 1578 1078 1614 vellere
1092 1578 1204 1614 Tusco

261 1629 314 1658 290
333 1629 474 1659 vexatae
487 1624 663 1671 duraeque
678 1637 815 1667 manus,
834 1638 872 1662 ac
884 1629 1064 1673 proximus
1079 1627 1163 1662 Urbi

333 1673 518 1715 Hannibal,
535 1679 567 1708 et
581 1680 709 1709 stantes
723 1675 857 1711 Collina
872 1677 907 1712 in
921 1682 1014 1712 turre
1029 1676 1156 1711 mariti.

333 1722 435 1757 Nunc
447 1723 599 1768 patimur
614 1724 735 1772 longae
747 1726 841 1771 pacis
855 1725 956 1761 mala.
997 1725 1136 1761 Saevior
1149 1726 1255 1762 armis

334 1770 473 1808 luxuria
487 1773 657 1816 incubuit,
674 1775 876 1823 victumque
890 1776 1068 1813 ulciscitur
1081 1775 1211 1812 orbem.
