1406 2047
365 103 406 135 84
715 107 994 137 IUVENALIS

366 171 464 207 Illam
484 183 546 220 ego
563 184 632 208 non
647 171 798 216 tulerim,
819 185 908 220 quae
921 179 1108 222 computat,
1126 182 1156 211 et
1171 177 1353 214 scelusin-

899 235 982 259 oens

363 282 446 306 sana
461 269 549 306 facit.
591 271 752 317 Spectant
765 250 972 308 subeuntem
988 273 1052 309 sata
1066 275 1181 310 mariti

362 320 540 362 Alcestim,
558 325 601 362 et,
618 321 745 356 similis
763 322 793 356 si
807 323 1012 368 permutatio
1024 323 1134 366 detur,

364 375 474 405 morte
487 370 553 404 viri
569 371 710 416 cupiant
728 372 881 406 animam
896 384 1032 408 servare
1043 373 1195 409 catellae.

290 427 340 454 655
362 419 549 455 Occurrent
564 420 692 455 multae
706 421 767 455 tibi
783 421 916 456 Belides
930 427 1032 468 atque
1045 422 1234 470 Eriphylae

363 479 483 504 mane:
514 469 823 517 Clytaemnestram
839 471 960 506 nullus
976 483 1042 507 non
1058 473 1157 507 vicus
1170 472 1322 507 habebit.

362 519 432 553 Hoc
446 523 581 553 tantum
598 519 708 562 refert,
729 520 824 566 quod
839 521 1009 567 Tyndaris
1025 521 1083 556 illa
1097 522 1283 568 bipennem

362 567 534 603 insulsam
552 574 584 603 et
598 568 727 603 fatuam
743 570 837 605 laeva
851 570 1040 617 dextraque
1054 571 1200 607 tenebat.

360 618 405 652 At
421 628 514 652 nunc
528 628 581 652 res
596 619 710 664 agitur
723 620 817 654 tenui
833 619 999 665 pulmone
1012 620 1169 663 rubetae;

289 673 341 700 (360
361 666 421 702 sed
436 670 549 701 tamen
564 671 596 701 et
610 667 709 708 ferro,
726 668 754 701 si
769 673 1003 714 praegustaret
1018 670 1151 704 Atrides

362 716 500 752 Pontica
513 721 564 752 ter
577 717 658 752 victi
672 721 793 752 cautus
807 717 1035 752 medicamina
1050 719 1154 764 regis.

622 877 937 916 SATIRA
1001 878 1102 914 vn.

362 975 459 1000 ARG.
484 975 595 1000 Miseria
614 975 775 1000 describitur
793 981 819 1000 ct
838 981 995 1007 contemtus,
1015 986 1066 1010 quo
1083 977 1185 1000 iaceant.
1201 976 1231 1006 ii,
1246 977 1290 1009 qui
1305 986 1343 1001 ur⁴

421 1017 495 1042 tibus
511 1017 645 1046 studeant,
666 1022 695 1041 ut
714 1022 816 1048 poetae,
830 1017 963 1046 historici,
984 1018 1122 1046 causidici,
1137 1017 1254 1042 rhetores
1268 1023 1343 1051 atquc

423 1059 597 1089 grammatici,
618 1059 645 1083 in
659 1063 754 1088 aetate,
770 1060 798 1084 in
812 1068 863 1091 qua
875 1060 961 1084 omnia
976 1060 1052 1084 luxui
1067 1064 1145 1092 utque
1157 1060 1260 1084 divitiis
1274 1065 1348 1091 post-

421 1101 579 1124 habeantur.

412 1148 464 1188 Et
477 1164 556 1200 spes
570 1159 602 1189 et
615 1155 701 1189 ratio
715 1153 910 1189 studiorum
926 1154 962 1188 in
977 1154 1120 1191 Caesare
1138 1160 1273 1192 tantum
1287 1167 1295 1190 τ

361 1203 456 1241 solus
472 1204 564 1238 enim
582 1203 694 1237 tristes
708 1203 772 1237 hac
785 1207 982 1247 tempestate
997 1203 1165 1237 Camenas

360 1253 522 1300 respexit,
539 1263 651 1298 quum
667 1252 735 1285 iam
755 1250 903 1286 celebres
919 1250 1059 1296 notique
1074 1255 1190 1295 poetae

360 1302 560 1340 balneolum
576 1301 709 1341 Gabiis,
725 1300 852 1335 Romae
865 1299 1054 1334 conducere
1068 1298 1188 1333 furnos

291 1362 305 1388 5
361 1355 542 1391 tentarent,
559 1361 622 1384 nec
636 1349 775 1384 foedum
789 1349 847 1384 alii
861 1360 923 1383 nec
940 1354 1040 1394 turpe
1054 1352 1212 1393 putarent

362 1411 549 1450 praecones
568 1398 653 1439 fieri,
669 1410 795 1444 quum,
813 1398 955 1433 desertis
970 1398 1167 1444 Aganippes

365 1451 528 1491 vallibus,
545 1448 701 1484 esuriens
714 1448 879 1495 migraret
893 1449 928 1483 in
940 1447 1022 1482 atria
1038 1446 1124 1483 Clio.

363 1502 453 1537 Nam
469 1500 499 1534 si
519 1499 628 1534 Pieria
642 1497 818 1544 quadrans
833 1497 892 1532 tibi
909 1496 1028 1532 nullus
1041 1497 1076 1531 in
1090 1507 1165 1531 arca

363 1549 576 1590 ostendatur,
592 1559 686 1583 ames
702 1559 828 1583 nomen
841 1547 1040 1593 victumque
1055 1545 1262 1586 Machaerae,

293 1609 326 1636 10
364 1606 397 1636 et
409 1599 540 1635 vendas
554 1598 681 1645 potiuS,
698 1597 882 1633 commissa
896 1596 990 1643 quod
1007 1595 1116 1631 auctio
1128 1594 1247 1630 vendit

365 1649 551 1690 stantibus,
569 1648 820 1694 oenophorum,
842 1646 1003 1693 tripodas,
1021 1645 1180 1686 armaria,
1199 1645 1315 1684 cistas,

366 1699 556 1747 Alcyonem
574 1698 672 1733 Pacci
678 1726 685 1739 ‚
704 1697 839 1732 Thebas
853 1701 886 1733 et
900 1697 1001 1732 Terea
1014 1695 1146 1730 Fausti.

366 1750 437 1786 Hoc
450 1748 570 1791 satius,
588 1760 695 1795 quam
710 1748 739 1782 si
753 1747 847 1782 dicas
865 1745 932 1782 sub
950 1744 1071 1786 iudice,
1090 1743 1180 1785 vidi,
