<?xml version="1.0" encoding="UTF-8"?>
<!DOCTYPE html PUBLIC "-//W3C//DTD XHTML 1.0 Transitional//EN"
    "http://www.w3.org/TR/xhtml1/DTD/xhtml1-transitional.dtd">
<html xmlns="http://www.w3.org/1999/xhtml" xml:lang="en" lang="en">
 <head>
  <title>
</title>
<meta http-equiv="Content-Type" content="text/html;charset=utf-8" />
  <meta name='ocr-system' content='tesseract 3.04.00' />
  <meta name='ocr-capabilities' content='ocr_page ocr_carea ocr_par ocr_line ocrx_word'/>
</head>
<body>
  <div class='ocr_page' id='page_1' title='image "apersiiflaccietd00persuoft_0098.png"; bbox 0 0 1406 2047; ppageno 0'>
   <div class='ocr_carea' id='block_1_1' title="bbox 287 386 319 412">
    <p class='ocr_par' dir='ltr' id='par_1_1' title="bbox 287 386 319 412">
     <span class='ocr_line' id='line_1_1' title="bbox 287 386 319 412; baseline 0 0"><span class='ocrx_word' id='word_1_1' title='bbox 287 386 319 412; x_wconf 82' lang='lat'>50</span> 
     </span>
    </p>
   </div>
   <div class='ocr_carea' id='block_1_2' title="bbox 287 632 318 659">
    <p class='ocr_par' dir='ltr' id='par_1_2' title="bbox 287 632 318 659">
     <span class='ocr_line' id='line_1_2' title="bbox 287 632 318 659; baseline 0 0"><span class='ocrx_word' id='word_1_2' title='bbox 287 632 318 659; x_wconf 76' lang='lat'>55</span> 
     </span>
    </p>
   </div>
   <div class='ocr_carea' id='block_1_3' title="bbox 286 879 319 906">
    <p class='ocr_par' dir='ltr' id='par_1_3' title="bbox 286 879 319 906">
     <span class='ocr_line' id='line_1_3' title="bbox 286 879 319 906; baseline -0.03 0"><span class='ocrx_word' id='word_1_3' title='bbox 286 879 319 906; x_wconf 82' lang='lat'>60</span> 
     </span>
    </p>
   </div>
   <div class='ocr_carea' id='block_1_4' title="bbox 289 1127 322 1154">
    <p class='ocr_par' dir='ltr' id='par_1_4' title="bbox 289 1127 322 1154">
     <span class='ocr_line' id='line_1_4' title="bbox 289 1127 322 1154; baseline 0.03 -1"><span class='ocrx_word' id='word_1_4' title='bbox 289 1127 322 1154; x_wconf 83' lang='lat'>65</span> 
     </span>
    </p>
   </div>
   <div class='ocr_carea' id='block_1_5' title="bbox 292 1374 325 1400">
    <p class='ocr_par' dir='ltr' id='par_1_5' title="bbox 292 1374 325 1400">
     <span class='ocr_line' id='line_1_5' title="bbox 292 1374 325 1400; baseline 0 0"><span class='ocrx_word' id='word_1_5' title='bbox 292 1374 325 1400; x_wconf 79' lang='grc'>70</span> 
     </span>
    </p>
   </div>
   <div class='ocr_carea' id='block_1_6' title="bbox 295 1621 328 1649">
    <p class='ocr_par' dir='ltr' id='par_1_6' title="bbox 295 1621 328 1649">
     <span class='ocr_line' id='line_1_6' title="bbox 295 1621 328 1649; baseline 0.03 -1"><span class='ocrx_word' id='word_1_6' title='bbox 295 1621 328 1649; x_wconf 84' lang='grc'>75</span> 
     </span>
    </p>
   </div>
   <div class='ocr_carea' id='block_1_7' title="bbox 359 112 986 147">
    <p class='ocr_par' dir='ltr' id='par_1_7' title="bbox 359 112 986 147">
     <span class='ocr_line' id='line_1_7' title="bbox 359 112 986 147; baseline 0.005 -3"><span class='ocrx_word' id='word_1_7' title='bbox 359 112 400 144; x_wconf 83' lang='grc'>86</span> <span class='ocrx_word' id='word_1_8' title='bbox 711 114 986 147; x_wconf 84' lang='lat' dir='ltr'>IUVENALIS</span> 
     </span>
    </p>
   </div>
   <div class='ocr_carea' id='block_1_8' title="bbox 356 181 1349 1263">
    <p class='ocr_par' dir='ltr' id='par_1_8' title="bbox 357 181 1345 370">
     <span class='ocr_line' id='line_1_8' title="bbox 357 181 1174 231; baseline 0.004 -15"><span class='ocrx_word' id='word_1_9' title='bbox 357 186 391 217; x_wconf 85' lang='lat' dir='ltr'>et</span> <span class='ocrx_word' id='word_1_10' title='bbox 404 191 494 228; x_wconf 88' lang='lat' dir='ltr'>quae</span> <span class='ocrx_word' id='word_1_11' title='bbox 506 181 674 217; x_wconf 87' lang='lat' dir='ltr'>conducto</span> <span class='ocrx_word' id='word_1_12' title='bbox 687 183 838 229; x_wconf 85' lang='lat' dir='ltr'>pendent</span> <span class='ocrx_word' id='word_1_13' title='bbox 852 184 1039 219; x_wconf 82' lang='lat' dir='ltr'>anabathra</span> <span class='ocrx_word' id='word_1_14' title='bbox 1052 183 1174 231; x_wconf 81' lang='lat' dir='ltr'>tigillo,</span> 
     </span>
     <span class='ocr_line' id='line_1_9' title="bbox 358 233 1342 278; baseline 0.004 -13"><span class='ocrx_word' id='word_1_15' title='bbox 358 241 518 277; x_wconf 85' lang='lat' dir='ltr'>quaeque</span> <span class='ocrx_word' id='word_1_16' title='bbox 543 233 757 277; x_wconf 83' lang='lat' dir='ltr'>reportandis</span> <span class='ocrx_word' id='word_1_17' title='bbox 776 233 885 278; x_wconf 87' lang='lat' dir='ltr'>posita</span> <span class='ocrx_word' id='word_1_18' title='bbox 903 239 954 268; x_wconf 88' lang='lat' dir='ltr'>est</span> <span class='ocrx_word' id='word_1_19' title='bbox 972 234 1143 269; x_wconf 82' lang='lat' dir='ltr'>orchestra</span> <span class='ocrx_word' id='word_1_20' title='bbox 1157 233 1342 269; x_wconf 81' lang='lat' dir='ltr'><strong>cathedris.</strong></span> 
     </span>
     <span class='ocr_line' id='line_1_10' title="bbox 358 281 1345 329; baseline 0.004 -14"><span class='ocrx_word' id='word_1_21' title='bbox 358 281 429 315; x_wconf 93' lang='lat' dir='ltr'>Nos</span> <span class='ocrx_word' id='word_1_22' title='bbox 451 288 563 316; x_wconf 84' lang='lat' dir='ltr'>tamen</span> <span class='ocrx_word' id='word_1_23' title='bbox 585 282 647 316; x_wconf 91' lang='lat' dir='ltr'>hoc</span> <span class='ocrx_word' id='word_1_24' title='bbox 665 283 819 328; x_wconf 75' lang='lat' dir='ltr'>agimus,</span> <span class='ocrx_word' id='word_1_25' title='bbox 838 283 1004 329; x_wconf 85' lang='lat' dir='ltr'>tenuique</span> <span class='ocrx_word' id='word_1_26' title='bbox 1019 284 1053 318; x_wconf 91' lang='lat' dir='ltr'>in</span> <span class='ocrx_word' id='word_1_27' title='bbox 1075 283 1216 329; x_wconf 79' lang='lat' dir='ltr'>pulvere</span> <span class='ocrx_word' id='word_1_28' title='bbox 1230 284 1345 319; x_wconf 81' lang='lat' dir='ltr'>sulcos</span> 
     </span>
     <span class='ocr_line' id='line_1_11' title="bbox 357 329 1133 370; baseline 0.005 -6"><span class='ocrx_word' id='word_1_29' title='bbox 357 329 533 370; x_wconf 84' lang='lat' dir='ltr'>ducimus,</span> <span class='ocrx_word' id='word_1_30' title='bbox 551 336 583 365; x_wconf 87' lang='lat' dir='ltr'>et</span> <span class='ocrx_word' id='word_1_31' title='bbox 597 331 680 365; x_wconf 86' lang='lat' dir='ltr'>litus</span> <span class='ocrx_word' id='word_1_32' title='bbox 693 331 800 366; x_wconf 90' lang='lat' dir='ltr'>sterili</span> <span class='ocrx_word' id='word_1_33' title='bbox 818 344 996 367; x_wconf 80' lang='lat' dir='ltr'>versamus</span> <span class='ocrx_word' id='word_1_34' title='bbox 1010 339 1133 368; x_wconf 88' lang='lat' dir='ltr'>aratro.</span> 
     </span>
    </p>

    <p class='ocr_par' dir='ltr' id='par_1_9' title="bbox 357 380 1106 427">
     <span class='ocr_line' id='line_1_12' title="bbox 357 380 1106 427; baseline 0.005 -14"><span class='ocrx_word' id='word_1_35' title='bbox 357 380 444 414; x_wconf 90' lang='lat' dir='ltr'>Nam</span> <span class='ocrx_word' id='word_1_36' title='bbox 462 380 490 414; x_wconf 89' lang='lat' dir='ltr'>si</span> <span class='ocrx_word' id='word_1_37' title='bbox 506 380 672 422; x_wconf 78' lang='lat' dir='ltr'>discedas,</span> <span class='ocrx_word' id='word_1_38' title='bbox 691 380 815 427; x_wconf 88' lang='lat' dir='ltr'>laqueo</span> <span class='ocrx_word' id='word_1_39' title='bbox 830 387 918 417; x_wconf 84' lang='lat' dir='ltr'>tenet</span> <span class='ocrx_word' id='word_1_40' title='bbox 932 382 1106 417; x_wconf 82' lang='lat' dir='ltr'>ambitiosi</span> 
     </span>
    </p>

    <p class='ocr_par' dir='ltr' id='par_1_10' title="bbox 358 429 1139 472">
     <span class='ocr_line' id='line_1_13' title="bbox 358 429 1139 472; baseline 0.004 -9"><span class='ocrx_word' id='word_1_41' title='bbox 358 429 572 464; x_wconf 84' lang='lat' dir='ltr'>consuetudo</span> <span class='ocrx_word' id='word_1_42' title='bbox 586 429 683 472; x_wconf 86' lang='lat' dir='ltr'>mali,</span> <span class='ocrx_word' id='word_1_43' title='bbox 699 436 791 466; x_wconf 89' lang='lat' dir='ltr'>tenet</span> <span class='ocrx_word' id='word_1_44' title='bbox 804 431 997 466; x_wconf 87' lang='lat' dir='ltr'>insanabile</span> <span class='ocrx_word' id='word_1_45' title='bbox 1010 431 1139 467; x_wconf 72' lang='lat' dir='ltr'>multos</span> 
     </span>
    </p>

    <p class='ocr_par' dir='ltr' id='par_1_11' title="bbox 357 478 1234 529">
     <span class='ocr_line' id='line_1_14' title="bbox 357 478 1234 529; baseline 0.005 -17"><span class='ocrx_word' id='word_1_46' title='bbox 357 478 531 514; x_wconf 90' lang='lat' dir='ltr'>scribendi</span> <span class='ocrx_word' id='word_1_47' title='bbox 550 480 736 522; x_wconf 79' lang='lat' dir='ltr'>cacoethes,</span> <span class='ocrx_word' id='word_1_48' title='bbox 753 486 786 516; x_wconf 86' lang='lat' dir='ltr'>et</span> <span class='ocrx_word' id='word_1_49' title='bbox 801 493 902 529; x_wconf 82' lang='lat' dir='ltr'>aegro</span> <span class='ocrx_word' id='word_1_50' title='bbox 916 482 951 516; x_wconf 93' lang='lat' dir='ltr'>in</span> <span class='ocrx_word' id='word_1_51' title='bbox 966 481 1066 516; x_wconf 91' lang='lat' dir='ltr'>corde</span> <span class='ocrx_word' id='word_1_52' title='bbox 1076 481 1234 516; x_wconf 82' lang='lat' dir='ltr'>senescit.</span> 
     </span>
    </p>

    <p class='ocr_par' dir='ltr' id='par_1_12' title="bbox 358 527 1241 576">
     <span class='ocr_line' id='line_1_15' title="bbox 358 527 1241 576; baseline 0.005 -14"><span class='ocrx_word' id='word_1_53' title='bbox 358 527 425 562; x_wconf 89' lang='lat' dir='ltr'>Sed</span> <span class='ocrx_word' id='word_1_54' title='bbox 439 533 552 563; x_wconf 85' lang='lat' dir='ltr'>vatem</span> <span class='ocrx_word' id='word_1_55' title='bbox 567 530 758 576; x_wconf 76' lang='lat' dir='ltr'>egregium,</span> <span class='ocrx_word' id='word_1_56' title='bbox 777 532 833 565; x_wconf 87' lang='lat' dir='ltr'>cui</span> <span class='ocrx_word' id='word_1_57' title='bbox 851 542 918 566; x_wconf 89' lang='lat' dir='ltr'>non</span> <span class='ocrx_word' id='word_1_58' title='bbox 930 531 974 565; x_wconf 88' lang='lat' dir='ltr'>sit</span> <span class='ocrx_word' id='word_1_59' title='bbox 987 530 1126 576; x_wconf 89' lang='lat' dir='ltr'>publica</span> <span class='ocrx_word' id='word_1_60' title='bbox 1140 542 1241 572; x_wconf 80' lang='lat' dir='ltr'>vena,</span> 
     </span>
    </p>

    <p class='ocr_par' dir='ltr' id='par_1_13' title="bbox 356 577 1211 671">
     <span class='ocr_line' id='line_1_16' title="bbox 358 577 1211 627; baseline 0.006 -16"><span class='ocrx_word' id='word_1_61' title='bbox 358 577 419 623; x_wconf 93' lang='lat' dir='ltr'>qui</span> <span class='ocrx_word' id='word_1_62' title='bbox 440 577 526 612; x_wconf 88' lang='lat' dir='ltr'>nihil</span> <span class='ocrx_word' id='word_1_63' title='bbox 541 580 737 624; x_wconf 79' lang='lat' dir='ltr'>expositum</span> <span class='ocrx_word' id='word_1_64' title='bbox 753 579 858 614; x_wconf 86' lang='lat' dir='ltr'>soleat</span> <span class='ocrx_word' id='word_1_65' title='bbox 872 580 1051 620; x_wconf 83' lang='lat' dir='ltr'>deducere,</span> <span class='ocrx_word' id='word_1_66' title='bbox 1070 591 1133 615; x_wconf 88' lang='lat' dir='ltr'>nec</span> <span class='ocrx_word' id='word_1_67' title='bbox 1148 581 1211 627; x_wconf 86' lang='lat' dir='ltr'>qui</span> 
     </span>
     <span class='ocr_line' id='line_1_17' title="bbox 356 627 1118 671; baseline 0.004 -10"><span class='ocrx_word' id='word_1_68' title='bbox 356 628 534 662; x_wconf 90' lang='lat' dir='ltr'>communi</span> <span class='ocrx_word' id='word_1_69' title='bbox 551 627 649 663; x_wconf 88' lang='lat' dir='ltr'>feriat</span> <span class='ocrx_word' id='word_1_70' title='bbox 662 639 800 664; x_wconf 86' lang='lat' dir='ltr'>carmen</span> <span class='ocrx_word' id='word_1_71' title='bbox 818 630 954 664; x_wconf 80' lang='lat' dir='ltr'>triviale</span> <span class='ocrx_word' id='word_1_72' title='bbox 972 635 1118 671; x_wconf 77' lang='lat' dir='ltr'>moneta,</span> 
     </span>
    </p>

    <p class='ocr_par' dir='ltr' id='par_1_14' title="bbox 356 675 1349 919">
     <span class='ocr_line' id='line_1_18' title="bbox 358 675 1308 724; baseline 0.003 -14"><span class='ocrx_word' id='word_1_73' title='bbox 358 675 464 718; x_wconf 87' lang='lat' dir='ltr'>hunc,</span> <span class='ocrx_word' id='word_1_74' title='bbox 482 677 622 723; x_wconf 89' lang='lat' dir='ltr'>qualem</span> <span class='ocrx_word' id='word_1_75' title='bbox 638 689 773 724; x_wconf 85' lang='lat' dir='ltr'>nequeo</span> <span class='ocrx_word' id='word_1_76' title='bbox 787 684 978 713; x_wconf 83' lang='lat' dir='ltr'>monstrare</span> <span class='ocrx_word' id='word_1_77' title='bbox 991 685 1023 713; x_wconf 86' lang='lat' dir='ltr'>et</span> <span class='ocrx_word' id='word_1_78' title='bbox 1037 679 1147 713; x_wconf 87' lang='lat' dir='ltr'>sentio</span> <span class='ocrx_word' id='word_1_79' title='bbox 1162 679 1308 719; x_wconf 81' lang='lat' dir='ltr'>tantum,</span> 
     </span>
     <span class='ocr_line' id='line_1_19' title="bbox 358 726 1184 766; baseline -0.001 -6"><span class='ocrx_word' id='word_1_80' title='bbox 358 726 528 761; x_wconf 75' lang='lat' dir='ltr'>anxietate</span> <span class='ocrx_word' id='word_1_81' title='bbox 541 738 660 761; x_wconf 83' lang='lat' dir='ltr'>carens</span> <span class='ocrx_word' id='word_1_82' title='bbox 675 728 814 761; x_wconf 87' lang='lat' dir='ltr'>animus</span> <span class='ocrx_word' id='word_1_83' title='bbox 829 727 919 766; x_wconf 85' lang='lat' dir='ltr'>facit,</span> <span class='ocrx_word' id='word_1_84' title='bbox 940 729 1056 761; x_wconf 89' lang='lat' dir='ltr'>omnis</span> <span class='ocrx_word' id='word_1_85' title='bbox 1070 727 1184 760; x_wconf 81' lang='lat' dir='ltr'>acerbi</span> 
     </span>
     <span class='ocr_line' id='line_1_20' title="bbox 358 773 1268 819; baseline 0 -11"><span class='ocrx_word' id='word_1_86' title='bbox 358 775 553 819; x_wconf 87' lang='lat' dir='ltr'>impatiens,</span> <span class='ocrx_word' id='word_1_87' title='bbox 570 775 721 818; x_wconf 83' lang='lat' dir='ltr'>cupidus</span> <span class='ocrx_word' id='word_1_88' title='bbox 735 775 905 808; x_wconf 85' lang='lat' dir='ltr'>silvarum</span> <span class='ocrx_word' id='word_1_89' title='bbox 921 779 1093 819; x_wconf 87' lang='lat' dir='ltr'>aptusque</span> <span class='ocrx_word' id='word_1_90' title='bbox 1106 773 1268 808; x_wconf 84' lang='lat' dir='ltr'>bibendis</span> 
     </span>
     <span class='ocr_line' id='line_1_21' title="bbox 359 822 1349 868; baseline 0.002 -11"><span class='ocrx_word' id='word_1_91' title='bbox 359 822 513 857; x_wconf 87' lang='lat' dir='ltr'>sontibus</span> <span class='ocrx_word' id='word_1_92' title='bbox 533 822 724 857; x_wconf 80' lang='lat' dir='ltr'>Aonidum.</span> <span class='ocrx_word' id='word_1_93' title='bbox 776 823 898 868; x_wconf 85' lang='lat' dir='ltr'>Neque</span> <span class='ocrx_word' id='word_1_94' title='bbox 911 823 1006 857; x_wconf 90' lang='lat' dir='ltr'>enim</span> <span class='ocrx_word' id='word_1_95' title='bbox 1021 828 1158 858; x_wconf 87' lang='lat' dir='ltr'>cantare</span> <span class='ocrx_word' id='word_1_96' title='bbox 1171 823 1240 858; x_wconf 89' lang='lat' dir='ltr'>sub</span> <span class='ocrx_word' id='word_1_97' title='bbox 1251 828 1349 859; x_wconf 83' lang='lat' dir='ltr'>antro</span> 
     </span>
     <span class='ocr_line' id='line_1_22' title="bbox 356 872 1118 919; baseline -0.001 -12"><span class='ocrx_word' id='word_1_98' title='bbox 356 873 467 907; x_wconf 89' lang='lat' dir='ltr'>Pierio</span> <span class='ocrx_word' id='word_1_99' title='bbox 480 872 687 919; x_wconf 84' lang='lat' dir='ltr'>thyrsumve</span> <span class='ocrx_word' id='word_1_100' title='bbox 700 877 811 918; x_wconf 87' lang='lat' dir='ltr'>potest</span> <span class='ocrx_word' id='word_1_101' title='bbox 823 873 1022 919; x_wconf 77' lang='lat' dir='ltr'>contingere</span> <span class='ocrx_word' id='word_1_102' title='bbox 1034 883 1118 907; x_wconf 88' lang='lat' dir='ltr'>sana</span> 
     </span>
    </p>

    <p class='ocr_par' dir='ltr' id='par_1_15' title="bbox 358 921 1346 1263">
     <span class='ocr_line' id='line_1_23' title="bbox 359 921 1233 969; baseline 0 -13"><span class='ocrx_word' id='word_1_103' title='bbox 359 927 544 968; x_wconf 86' lang='lat' dir='ltr'>paupertas</span> <span class='ocrx_word' id='word_1_104' title='bbox 562 927 665 969; x_wconf 88' lang='lat' dir='ltr'>atque</span> <span class='ocrx_word' id='word_1_105' title='bbox 679 922 767 956; x_wconf 85' lang='lat' dir='ltr'>aeris</span> <span class='ocrx_word' id='word_1_106' title='bbox 783 922 894 968; x_wconf 77' lang='lat' dir='ltr'>inopS,</span> <span class='ocrx_word' id='word_1_107' title='bbox 913 933 984 967; x_wconf 92' lang='lat' dir='ltr'>quo</span> <span class='ocrx_word' id='word_1_108' title='bbox 998 927 1096 957; x_wconf 85' lang='lat' dir='ltr'>nocte</span> <span class='ocrx_word' id='word_1_109' title='bbox 1107 921 1233 967; x_wconf 85' lang='lat' dir='ltr'>dieque</span> 
     </span>
     <span class='ocr_line' id='line_1_24' title="bbox 358 970 1346 1019; baseline -0.001 -13"><span class='ocrx_word' id='word_1_110' title='bbox 358 982 484 1017; x_wconf 87' lang='lat' dir='ltr'>corpus</span> <span class='ocrx_word' id='word_1_111' title='bbox 507 976 597 1019; x_wconf 79' lang='lat' dir='ltr'>eget.</span> <span class='ocrx_word' id='word_1_112' title='bbox 629 971 731 1007; x_wconf 89' lang='lat' dir='ltr'>Satur</span> <span class='ocrx_word' id='word_1_113' title='bbox 747 977 809 1012; x_wconf 86' lang='lat' dir='ltr'>est,</span> <span class='ocrx_word' id='word_1_114' title='bbox 831 983 944 1018; x_wconf 90' lang='lat' dir='ltr'>quum</span> <span class='ocrx_word' id='word_1_115' title='bbox 958 971 1042 1006; x_wconf 86' lang='lat' dir='ltr'>dicit</span> <span class='ocrx_word' id='word_1_116' title='bbox 1059 972 1219 1006; x_wconf 83' lang='lat' dir='ltr'>Horatius</span> <span class='ocrx_word' id='word_1_117' title='bbox 1233 970 1346 1007; x_wconf 76' lang='lat' dir='ltr'>Euoe!</span> 
     </span>
     <span class='ocr_line' id='line_1_25' title="bbox 360 1020 1246 1069; baseline 0 -13"><span class='ocrx_word' id='word_1_118' title='bbox 360 1020 446 1064; x_wconf 81' lang='lat' dir='ltr'>Quis</span> <span class='ocrx_word' id='word_1_119' title='bbox 466 1021 560 1056; x_wconf 87' lang='lat' dir='ltr'>locus</span> <span class='ocrx_word' id='word_1_120' title='bbox 576 1022 727 1069; x_wconf 77' lang='lat' dir='ltr'>ingenio,</span> <span class='ocrx_word' id='word_1_121' title='bbox 747 1022 814 1056; x_wconf 90' lang='lat' dir='ltr'>nisi</span> <span class='ocrx_word' id='word_1_122' title='bbox 831 1033 943 1067; x_wconf 90' lang='lat' dir='ltr'>quum</span> <span class='ocrx_word' id='word_1_123' title='bbox 957 1032 996 1056; x_wconf 86' lang='lat' dir='ltr'>se</span> <span class='ocrx_word' id='word_1_124' title='bbox 1008 1021 1159 1056; x_wconf 87' lang='lat' dir='ltr'>carmine</span> <span class='ocrx_word' id='word_1_125' title='bbox 1173 1020 1246 1056; x_wconf 87' lang='lat' dir='ltr'>solo</span> 
     </span>
     <span class='ocr_line' id='line_1_26' title="bbox 359 1070 1228 1118; baseline 0 -13"><span class='ocrx_word' id='word_1_126' title='bbox 359 1076 487 1105; x_wconf 78' lang='lat' dir='ltr'>vexant</span> <span class='ocrx_word' id='word_1_127' title='bbox 503 1076 534 1105; x_wconf 90' lang='lat' dir='ltr'>et</span> <span class='ocrx_word' id='word_1_128' title='bbox 548 1071 700 1106; x_wconf 88' lang='lat' dir='ltr'>dominis</span> <span class='ocrx_word' id='word_1_129' title='bbox 715 1071 857 1106; x_wconf 90' lang='lat' dir='ltr'>Cirrhae</span> <span class='ocrx_word' id='word_1_130' title='bbox 870 1072 1055 1118; x_wconf 86' lang='lat' dir='ltr'>Nysaeque</span> <span class='ocrx_word' id='word_1_131' title='bbox 1070 1070 1228 1106; x_wconf 88' lang='lat' dir='ltr'>feruntur</span> 
     </span>
     <span class='ocr_line' id='line_1_27' title="bbox 360 1119 1194 1166; baseline 0.002 -13"><span class='ocrx_word' id='word_1_132' title='bbox 360 1125 493 1166; x_wconf 87' lang='lat' dir='ltr'>pectora</span> <span class='ocrx_word' id='word_1_133' title='bbox 507 1125 635 1161; x_wconf 87' lang='lat' dir='ltr'>nostra,</span> <span class='ocrx_word' id='word_1_134' title='bbox 652 1121 740 1155; x_wconf 88' lang='lat' dir='ltr'>duas</span> <span class='ocrx_word' id='word_1_135' title='bbox 755 1133 823 1156; x_wconf 92' lang='lat' dir='ltr'>non</span> <span class='ocrx_word' id='word_1_136' title='bbox 839 1121 1054 1155; x_wconf 87' lang='lat' dir='ltr'>admittentia</span> <span class='ocrx_word' id='word_1_137' title='bbox 1066 1119 1194 1156; x_wconf 70' lang='lat' dir='ltr'>curas?</span> 
     </span>
     <span class='ocr_line' id='line_1_28' title="bbox 360 1169 1185 1217; baseline 0.001 -13"><span class='ocrx_word' id='word_1_138' title='bbox 360 1170 505 1217; x_wconf 80' lang='lat' dir='ltr'>Magnae</span> <span class='ocrx_word' id='word_1_139' title='bbox 524 1170 648 1203; x_wconf 84' lang='lat' dir='ltr'>mentis</span> <span class='ocrx_word' id='word_1_140' title='bbox 663 1181 762 1214; x_wconf 87' lang='lat' dir='ltr'>opus,</span> <span class='ocrx_word' id='word_1_141' title='bbox 782 1182 843 1204; x_wconf 90' lang='lat' dir='ltr'>nec</span> <span class='ocrx_word' id='word_1_142' title='bbox 855 1171 898 1204; x_wconf 90' lang='lat' dir='ltr'>de</span> <span class='ocrx_word' id='word_1_143' title='bbox 913 1170 1021 1205; x_wconf 90' lang='lat' dir='ltr'>lodice</span> <span class='ocrx_word' id='word_1_144' title='bbox 1033 1169 1185 1214; x_wconf 84' lang='lat' dir='ltr'>paranda</span> 
     </span>
     <span class='ocr_line' id='line_1_29' title="bbox 361 1217 1196 1263; baseline -0.001 -10"><span class='ocrx_word' id='word_1_145' title='bbox 361 1219 543 1259; x_wconf 78' lang='lat' dir='ltr'>achonitae,</span> <span class='ocrx_word' id='word_1_146' title='bbox 560 1229 683 1252; x_wconf 89' lang='lat' dir='ltr'>currus</span> <span class='ocrx_word' id='word_1_147' title='bbox 697 1223 728 1251; x_wconf 87' lang='lat' dir='ltr'>et</span> <span class='ocrx_word' id='word_1_148' title='bbox 742 1229 850 1263; x_wconf 84' lang='lat' dir='ltr'>equos</span> <span class='ocrx_word' id='word_1_149' title='bbox 865 1217 1039 1261; x_wconf 81' lang='lat' dir='ltr'>faciesque</span> <span class='ocrx_word' id='word_1_150' title='bbox 1051 1217 1196 1252; x_wconf 88' lang='lat' dir='ltr'>deorum</span> 
     </span>
    </p>
   </div>
   <div class='ocr_carea' id='block_1_9' title="bbox 362 1264 1351 1809">
    <p class='ocr_par' dir='ltr' id='par_1_16' title="bbox 362 1264 1351 1561">
     <span class='ocr_line' id='line_1_30' title="bbox 363 1264 1291 1313; baseline -0.003 -10"><span class='ocrx_word' id='word_1_151' title='bbox 363 1268 549 1313; x_wconf 79' lang='lat' dir='ltr'>adspicere.</span> <span class='ocrx_word' id='word_1_152' title='bbox 567 1273 600 1302; x_wconf 88' lang='lat' dir='ltr'>et</span> <span class='ocrx_word' id='word_1_153' title='bbox 612 1266 727 1313; x_wconf 89' lang='lat' dir='ltr'>qualis</span> <span class='ocrx_word' id='word_1_154' title='bbox 741 1266 911 1301; x_wconf 86' lang='lat' dir='ltr'>Rutulum</span> <span class='ocrx_word' id='word_1_155' title='bbox 922 1264 1113 1300; x_wconf 80' lang='lat' dir='ltr'>confundat</span> <span class='ocrx_word' id='word_1_156' title='bbox 1126 1265 1291 1313; x_wconf 85' lang='lat' dir='ltr'>Erinnys.</span> 
     </span>
     <span class='ocr_line' id='line_1_31' title="bbox 362 1314 1099 1363; baseline -0.004 -12"><span class='ocrx_word' id='word_1_157' title='bbox 362 1318 451 1352; x_wconf 89' lang='lat' dir='ltr'>Nam</span> <span class='ocrx_word' id='word_1_158' title='bbox 470 1317 500 1351; x_wconf 89' lang='lat' dir='ltr'>si</span> <span class='ocrx_word' id='word_1_159' title='bbox 514 1317 660 1363; x_wconf 79' lang='lat' dir='ltr'>Virgilio</span> <span class='ocrx_word' id='word_1_160' title='bbox 672 1327 758 1361; x_wconf 89' lang='lat' dir='ltr'>puer</span> <span class='ocrx_word' id='word_1_161' title='bbox 774 1321 806 1350; x_wconf 88' lang='lat' dir='ltr'>et</span> <span class='ocrx_word' id='word_1_162' title='bbox 821 1314 996 1350; x_wconf 82' lang='lat' dir='ltr'>tolerabile</span> <span class='ocrx_word' id='word_1_163' title='bbox 1009 1314 1099 1349; x_wconf 89' lang='lat' dir='ltr'>desit</span> 
     </span>
     <span class='ocr_line' id='line_1_32' title="bbox 362 1362 1214 1412; baseline -0.004 -11"><span class='ocrx_word' id='word_1_164' title='bbox 362 1366 566 1412; x_wconf 81' lang='lat' dir='ltr'>hospitium,</span> <span class='ocrx_word' id='word_1_165' title='bbox 583 1365 742 1400; x_wconf 85' lang='lat' dir='ltr'>caderent</span> <span class='ocrx_word' id='word_1_166' title='bbox 754 1376 874 1399; x_wconf 89' lang='lat' dir='ltr'>omnes</span> <span class='ocrx_word' id='word_1_167' title='bbox 889 1377 908 1399; x_wconf 87' lang='lat' dir='ltr'>a</span> <span class='ocrx_word' id='word_1_168' title='bbox 921 1364 1080 1399; x_wconf 86' lang='lat' dir='ltr'>crinibus</span> <span class='ocrx_word' id='word_1_169' title='bbox 1092 1362 1214 1410; x_wconf 85' lang='lat' dir='ltr'>hydri:</span> 
     </span>
     <span class='ocr_line' id='line_1_33' title="bbox 363 1413 1351 1462; baseline -0.004 -11"><span class='ocrx_word' id='word_1_170' title='bbox 363 1416 469 1451; x_wconf 90' lang='lat' dir='ltr'>surda</span> <span class='ocrx_word' id='word_1_171' title='bbox 485 1415 570 1450; x_wconf 91' lang='lat' dir='ltr'>nihil</span> <span class='ocrx_word' id='word_1_172' title='bbox 586 1419 736 1462; x_wconf 80' lang='lat' dir='ltr'>gemeret</span> <span class='ocrx_word' id='word_1_173' title='bbox 748 1426 854 1461; x_wconf 81' lang='lat' dir='ltr'>grave</span> <span class='ocrx_word' id='word_1_174' title='bbox 868 1415 1024 1449; x_wconf 87' lang='lat' dir='ltr'>buccina.</span> <span class='ocrx_word' id='word_1_175' title='bbox 1053 1413 1246 1454; x_wconf 72' lang='lat' dir='ltr'>Posuimus,</span> <span class='ocrx_word' id='word_1_176' title='bbox 1260 1419 1300 1448; x_wconf 87' lang='lat' dir='ltr'>ut</span> <span class='ocrx_word' id='word_1_177' title='bbox 1308 1414 1351 1448; x_wconf 87' lang='lat' dir='ltr'>sit</span> 
     </span>
     <span class='ocr_line' id='line_1_34' title="bbox 365 1462 1249 1511; baseline -0.003 -11"><span class='ocrx_word' id='word_1_178' title='bbox 365 1477 436 1501; x_wconf 88' lang='lat' dir='ltr'>non</span> <span class='ocrx_word' id='word_1_179' title='bbox 454 1466 567 1500; x_wconf 90' lang='lat' dir='ltr'>minor</span> <span class='ocrx_word' id='word_1_180' title='bbox 579 1465 722 1511; x_wconf 86' lang='lat' dir='ltr'>antiquo</span> <span class='ocrx_word' id='word_1_181' title='bbox 735 1464 921 1499; x_wconf 85' lang='lat' dir='ltr'>Rubrenus</span> <span class='ocrx_word' id='word_1_182' title='bbox 936 1465 1051 1510; x_wconf 85' lang='lat' dir='ltr'>Lappa</span> <span class='ocrx_word' id='word_1_183' title='bbox 1069 1462 1249 1504; x_wconf 82' lang='lat' dir='ltr'>cothurno,</span> 
     </span>
     <span class='ocr_line' id='line_1_35' title="bbox 365 1513 1190 1561; baseline -0.002 -12"><span class='ocrx_word' id='word_1_184' title='bbox 365 1516 465 1550; x_wconf 90' lang='lat' dir='ltr'>cuius</span> <span class='ocrx_word' id='word_1_185' title='bbox 480 1520 512 1549; x_wconf 89' lang='lat' dir='ltr'>et</span> <span class='ocrx_word' id='word_1_186' title='bbox 526 1514 675 1549; x_wconf 82' lang='lat' dir='ltr'>alveolos</span> <span class='ocrx_word' id='word_1_187' title='bbox 691 1519 722 1549; x_wconf 88' lang='lat' dir='ltr'>et</span> <span class='ocrx_word' id='word_1_188' title='bbox 737 1514 871 1549; x_wconf 88' lang='lat' dir='ltr'>laenam</span> <span class='ocrx_word' id='word_1_189' title='bbox 885 1514 1042 1561; x_wconf 82' lang='lat' dir='ltr'>pignerat</span> <span class='ocrx_word' id='word_1_190' title='bbox 1056 1513 1190 1548; x_wconf 84' lang='lat' dir='ltr'>Atreus.</span> 
     </span>
    </p>

    <p class='ocr_par' dir='ltr' id='par_1_17' title="bbox 366 1562 1268 1809">
     <span class='ocr_line' id='line_1_36' title="bbox 366 1562 1268 1610; baseline -0.003 -10"><span class='ocrx_word' id='word_1_191' title='bbox 366 1565 443 1600; x_wconf 86' lang='lat' dir='ltr'>Non</span> <span class='ocrx_word' id='word_1_192' title='bbox 458 1564 561 1598; x_wconf 87' lang='lat' dir='ltr'>habet</span> <span class='ocrx_word' id='word_1_193' title='bbox 579 1563 700 1598; x_wconf 83' lang='lat' dir='ltr'>infelix</span> <span class='ocrx_word' id='word_1_194' title='bbox 716 1565 888 1603; x_wconf 80' lang='lat' dir='ltr'>Numitor,</span> <span class='ocrx_word' id='word_1_195' title='bbox 908 1563 1002 1610; x_wconf 91' lang='lat' dir='ltr'>quod</span> <span class='ocrx_word' id='word_1_196' title='bbox 1015 1563 1127 1598; x_wconf 84' lang='lat' dir='ltr'>mittat</span> <span class='ocrx_word' id='word_1_197' title='bbox 1140 1562 1268 1597; x_wconf 90' lang='lat' dir='ltr'>amico:</span> 
     </span>
     <span class='ocr_line' id='line_1_37' title="bbox 367 1611 1226 1659; baseline -0.003 -11"><span class='ocrx_word' id='word_1_198' title='bbox 367 1613 556 1656; x_wconf 79' lang='lat' dir='ltr'>Quintillae</span> <span class='ocrx_word' id='word_1_199' title='bbox 574 1612 668 1659; x_wconf 91' lang='lat' dir='ltr'>quod</span> <span class='ocrx_word' id='word_1_200' title='bbox 682 1612 796 1654; x_wconf 89' lang='lat' dir='ltr'>donet,</span> <span class='ocrx_word' id='word_1_201' title='bbox 814 1613 934 1656; x_wconf 75' lang='lat' dir='ltr'>habet·⁷</span> <span class='ocrx_word' id='word_1_202' title='bbox 963 1623 1024 1648; x_wconf 84' lang='lat' dir='ltr'>nec</span> <span class='ocrx_word' id='word_1_203' title='bbox 1040 1611 1149 1646; x_wconf 82' lang='lat' dir='ltr'>defuit</span> <span class='ocrx_word' id='word_1_204' title='bbox 1163 1611 1226 1653; x_wconf 91' lang='lat' dir='ltr'>illi,</span> 
     </span>
     <span class='ocr_line' id='line_1_38' title="bbox 367 1661 1216 1708; baseline -0.002 -10"><span class='ocrx_word' id='word_1_205' title='bbox 367 1663 461 1699; x_wconf 89' lang='lat' dir='ltr'>unde</span> <span class='ocrx_word' id='word_1_206' title='bbox 478 1667 605 1697; x_wconf 81' lang='lat' dir='ltr'>emeret</span> <span class='ocrx_word' id='word_1_207' title='bbox 619 1662 727 1697; x_wconf 90' lang='lat' dir='ltr'>multa</span> <span class='ocrx_word' id='word_1_208' title='bbox 742 1663 954 1708; x_wconf 86' lang='lat' dir='ltr'>pascendum</span> <span class='ocrx_word' id='word_1_209' title='bbox 969 1673 1068 1697; x_wconf 86' lang='lat' dir='ltr'>carne</span> <span class='ocrx_word' id='word_1_210' title='bbox 1082 1661 1216 1696; x_wconf 87' lang='lat' dir='ltr'>leonem</span> 
     </span>
     <span class='ocr_line' id='line_1_39' title="bbox 369 1711 1215 1748; baseline -0.002 -1"><span class='ocrx_word' id='word_1_211' title='bbox 369 1713 439 1748; x_wconf 89' lang='lat' dir='ltr'>iam</span> <span class='ocrx_word' id='word_1_212' title='bbox 454 1712 638 1747; x_wconf 89' lang='lat' dir='ltr'>domitum.</span> <span class='ocrx_word' id='word_1_213' title='bbox 679 1712 821 1747; x_wconf 89' lang='lat' dir='ltr'>Constat</span> <span class='ocrx_word' id='word_1_214' title='bbox 834 1711 953 1747; x_wconf 91' lang='lat' dir='ltr'>leviori</span> <span class='ocrx_word' id='word_1_215' title='bbox 967 1711 1080 1747; x_wconf 87' lang='lat' dir='ltr'>bellua</span> <span class='ocrx_word' id='word_1_216' title='bbox 1094 1715 1215 1746; x_wconf 86' lang='lat' dir='ltr'>sumtu</span> 
     </span>
     <span class='ocr_line' id='line_1_40' title="bbox 370 1761 1160 1809; baseline -0.003 -12"><span class='ocrx_word' id='word_1_217' title='bbox 370 1763 551 1804; x_wconf 87' lang='lat' dir='ltr'>nimirum,</span> <span class='ocrx_word' id='word_1_218' title='bbox 567 1767 600 1798; x_wconf 91' lang='lat' dir='ltr'>et</span> <span class='ocrx_word' id='word_1_219' title='bbox 612 1762 754 1809; x_wconf 81' lang='lat' dir='ltr'>capiunt</span> <span class='ocrx_word' id='word_1_220' title='bbox 765 1761 846 1809; x_wconf 94' lang='lat' dir='ltr'>plus</span> <span class='ocrx_word' id='word_1_221' title='bbox 860 1762 1020 1798; x_wconf 88' lang='lat' dir='ltr'>intestina</span> <span class='ocrx_word' id='word_1_222' title='bbox 1030 1766 1160 1808; x_wconf 88' lang='lat' dir='ltr'>poetae.</span> 
     </span>
    </p>
   </div>
  </div>
 </body>
</html>
