1406 2047
320 113 383 146 ⁴46
670 116 949 146 IUVENALIS

318 192 498 217 servorum
513 186 614 216 noctu
629 181 772 216 Licinus
787 182 891 223 iubet,
908 182 1070 217 attonitus
1083 192 1147 228 pro

318 231 441 267 electro
455 231 637 278 signisque
650 231 736 271 suis,
748 231 970 278 Phrygiaque
983 231 1157 273 columna,

319 286 423 327 atque
437 281 550 321 ebore,
567 285 599 314 et
613 279 678 314 lata
697 280 881 315 testudine.
922 280 1016 315 Dolia
1032 280 1118 315 nudi

320 341 389 364 non
408 330 528 364 ardent
544 329 684 376 Cynici:
714 329 743 363 si
758 328 911 376 fregeris,
933 329 1034 364 altera
1050 329 1107 363 fiet

249 385 300 413 310
320 390 394 413 cras
410 378 547 418 domus,
558 383 617 412 aut
630 377 762 419 eadem,
774 378 919 423 plumbo
932 379 1128 420 commissa,
1140 377 1305 414 manebit.

320 427 435 462 Sensit
449 426 654 468 Alexander,
672 432 755 462 testa
768 439 880 474 quum
894 428 982 462 vidit
995 428 1027 461 in
1045 427 1103 461 ilia

321 487 489 524 magnum
505 476 742 517 habitatorem,
760 481 891 522 quanto
905 476 1031 511 felicior
1045 476 1111 516 hic,
1128 476 1191 522 qui

321 526 371 561 nil
386 531 536 571 cuperet,
558 537 665 571 quam
681 526 743 571 qui
760 531 868 560 totum
883 526 950 560 sihi
967 531 1118 571 posceret
1131 525 1262 568 orbem,

321 586 490 621 passurus
504 575 609 620 gestis
626 575 804 620 aequanda
822 574 972 620 pericula
987 575 1104 609 rebus.

249 630 301 659 315
320 623 466 659 Nullum
483 635 612 658 numen
626 624 745 665 habes,
763 625 792 658 si
808 625 852 658 sit
865 624 1065 670 prudentia:
1095 623 1155 658 sed
1175 628 1206 658 te

321 685 384 708 nos
399 672 558 713 facimus,
575 673 740 713 Fortuna,
757 673 870 707 deam.
912 674 1073 706 Mensura
1092 678 1206 708 tamen
1221 682 1311 718 quae

321 721 472 756 sufficiat
486 731 622 759 census,
640 721 668 753 si
683 721 763 765 quis
777 731 833 753 me
848 719 1018 760 consulat,
1035 719 1153 754 edam:

321 771 361 805 In
377 774 547 815 quantum
564 769 639 802 sitis
655 773 758 815 atque
773 769 879 803 sames
894 773 925 803 et
939 767 1064 814 frigora
1080 771 1236 813 poscunt,

322 824 507 865 quantuni,
529 818 688 863 Epicure,
708 818 769 852 tibi
786 819 903 864 parvis
917 818 1050 852 suss'ecit
1065 817 1100 852 in
1115 817 1236 859 hortis,

251 875 303 904 320
323 873 495 914 quantuni
510 867 669 902 Socratici
685 873 850 913 ceperunt
868 873 944 902 ante
959 871 1108 912 penates.

323 918 528 962 Numquam
542 916 636 951 aliud
651 918 791 957 Natura,
808 917 903 950 aliud
920 917 1090 961 Sapientia
1106 914 1206 950 dicet.

324 966 472 1002 Acribus
486 965 654 1011 exempiis
672 966 790 1000 videor
805 971 835 1000 te
849 964 1030 999 clauderc‘?
1056 965 1161 999 Misce

323 1027 405 1063 ergo
419 1015 551 1061 aliquid
568 1015 692 1049 nostris
706 1015 749 1049 de
764 1015 920 1050 moribus
933 1028 939 1049 :
969 1014 1063 1049 effice
1077 1023 1265 1053 summam,

325 1065 381 1099 bis
396 1071 526 1111 septem
540 1064 722 1099 ordinibus
737 1076 842 1110 quatu
860 1063 913 1098 lex
932 1063 1096 1109 dignatur
1113 1062 1270 1097 Othonis.

252 1120 304 1149 325
323 1114 413 1148 Haec
426 1125 567 1159 quoque
580 1115 608 1147 si
626 1126 748 1160 rugam
764 1112 1114 1158 t1·ahit,extcnditque
1128 1110 1310 1153 labellum;

327 1173 428 1197 sume
445 1162 533 1195 duos
549 1163 695 1205 equites,
716 1162 767 1196 sac
786 1162 881 1196 tertia
898 1161 1165 1207 quadringenta.

326 1211 362 1246 Si
378 1210 533 1246 nondum
549 1209 690 1253 implevi
705 1211 892 1254 gremium,
910 1211 937 1242 si
955 1210 1118 1253 panditur
1132 1208 1240 1244 ultra:

327 1271 390 1295 nec
405 1259 519 1294 Croesi
535 1257 669 1292 fortuna
685 1268 868 1302 umquam,
887 1267 947 1290 ncc
963 1258 1096 1290 Persica
1111 1269 1215 1303 regna

328 1308 501 1344 sufficient
518 1307 645 1346 animo,
665 1317 725 1340 nec
739 1306 880 1339 divitiae
893 1304 1056 1345 Narcissi,

257 1365 309 1393 330
330 1357 476 1393 indulsit
494 1356 616 1391 Caesar
630 1355 684 1389 cui
704 1354 870 1389 Claudius
884 1354 1012 1394 omnia,
1030 1353 1130 1388 cuius

330 1407 446 1455 paruit
462 1404 630 1453 imperiis,
647 1414 792 1440 uxorem
805 1403 956 1439 occidere
969 1402 1096 1438 iussus.
