1373 2036
442 119 632 150 SATIRA
663 119 738 149 VII.
1039 115 1075 150 9¹

98 188 335 234 spirantesque
349 195 464 220 crocos
479 191 511 220 et
526 186 560 221 in
575 197 663 221 urna
677 189 883 232 perpetuum
898 195 969 227 ver,

97 238 157 284 qui
172 239 423 282 praeceptorem
439 236 548 270 sancti
564 236 701 270 voluere
715 235 866 281 parentis

96 296 170 321 esse
184 284 275 318 loco!
310 285 467 319 Metuens
481 286 599 332 virgae
614 286 681 320 iam
695 272 1008 332 grandisffichilles
1102 290 1154 317 210

95 333 251 369 cantabat
265 334 386 379 patriis
403 335 437 368 in
454 335 648 369 montibus:
678 341 710 369 et
722 335 777 368 cui
794 345 861 368 non
877 339 960 369 tunc

94 382 228 417 eliceret
241 383 351 417 risum
367 383 554 418 citharoedi
568 383 677 418 cauda
691 382 872 430 magistri?

95 432 156 467 sed
167 431 296 467 Rufum
312 438 414 478 atque
428 432 512 467 alios
527 433 635 467 caedit
649 445 711 467 sua
725 443 901 478 quemque
916 432 1090 473 iuventus,

94 480 237 521 Rufum,
254 482 315 527 qui
332 482 429 516 toties
444 482 642 517 Ciceronem
658 482 842 528 Allobroga
857 482 958 516 dixit.

142 529 229 573 Quis
243 531 376 577 gremio
388 530 552 564 Enceladi
567 531 726 575 doctique
742 531 957 565 Palaemonis
972 529 1079 570 affert,
1103 536 1154 563 215

94 584 267 625 quantum
293 580 541 626 grammaticus
571 580 698 614 meruit
717 579 836 614 labor?
861 584 892 614 et
912 584 1024 613 tamen
1039 590 1083 613 ex

626 628 701 669 hoc,

95 676 344 724 quodcumque
363 682 425 719 est,
448 676 580 724 (minus
593 682 644 712 est
661 683 787 719 autem,
809 688 916 723 quam
937 676 1083 711 rhetoris

628 738 706 761 aera

95 773 257 819 discipuli
273 779 387 807 custos
400 774 615 818 praemordet
629 727 888 809 Acognonoetus

96 828 139 864 et,
157 823 218 868 qui
232 822 419 867 dispensat,
435 821 563 869 frangit
580 823 661 857 sibi.
703 822 804 863 Cede,
821 822 1016 864 Palaemon,

96 878 128 908 et
138 877 252 918 patere
266 871 346 906 inde
359 871 493 917 aliquid
511 872 712 913 decrescere,
731 883 799 906 non
815 872 922 912 aliter,
938 883 1046 920 quam
1104 878 1155 906 2¹20

96 921 229 956 institor
247 920 411 955 hibernae
426 922 546 967 tegetis
560 922 722 967 niveique
735 921 886 962 cadurci,

94 969 284 1005 dummodo
298 981 340 1004 ne
354 976 479 1015 pereat,
497 970 630 1006 mediae
643 971 735 1017 quod
755 972 864 1005 noctis
878 970 921 1005 ab
936 970 1019 1006 hora

95 1019 225 1060 sedisti,
246 1031 316 1066 qua
332 1031 432 1054 nemo
448 1019 553 1062 faber,
571 1032 641 1067 qua
656 1031 758 1055 nemo
772 1020 922 1061 sedebat,
973 1037 979 1041 ·

94 1069 155 1114 qui
169 1069 264 1104 docet
278 1069 422 1115 obliquo
436 1069 550 1104 lanam
567 1070 734 1105 deducere
748 1069 853 1112 ferr03

94 1118 285 1153 dummodo
298 1129 366 1153 non
381 1125 496 1164 pereat
510 1119 650 1154 totidem
669 1119 825 1154 olfecisse
839 1118 1010 1159 lucernas,
1103 1123 1154 1151 225

95 1173 178 1213 quot
193 1168 330 1202 stabant
343 1169 454 1213 pueri,
473 1180 584 1214 quum
599 1174 691 1203 totus
704 1168 841 1203 decolor
854 1171 945 1203 esset

93 1216 246 1256 Flaccus,
267 1222 300 1249 et
318 1216 470 1251 haereret
483 1218 585 1264 nigro
601 1217 710 1265 fuligo
723 1217 869 1252 Maroni.

92 1265 180 1299 Rara
197 1269 312 1300 tamen
330 1276 472 1305 merces.
490 1277 580 1312 quae
593 1268 788 1314 cognitione
801 1266 935 1301 tribuni

91 1324 160 1349 non
190 1319 298 1360 egeat.
338 1314 405 1349 Sed
419 1326 482 1350 vos
494 1327 613 1351 saevas
628 1317 795 1362 imponite
808 1316 914 1363 leges,

91 1368 129 1398 ut
143 1365 351 1409 praeceptori
366 1365 552 1400 verborum
567 1366 684 1412 regula
699 1370 842 1405 constet,
1101 1370 1154 1397 230

90 1417 129 1447 ut
146 1412 236 1459 legat
250 1412 423 1453 historias,
443 1419 596 1448 auctores
616 1415 747 1449 noverit
761 1424 894 1454 omneS‚

90 1466 270 1508 tamquam
283 1473 421 1508 ungues
435 1462 632 1508 digitosque
645 1475 727 1498 suos
739 1476 744 1506 ς
775 1469 814 1498 ut
828 1462 911 1498 forte
925 1468 1077 1509 rogatus,

90 1510 175 1546 dum
190 1511 274 1556 petit
290 1517 349 1545 aut
363 1511 514 1546 thermas
528 1518 586 1546 aut
600 1513 727 1547 Phoebi
742 1513 876 1552 balnea.
895 1512 988 1546 dicat

32 1582 34 1586 -
91 1560 261 1595 nutricem
275 1560 458 1602 Anchisae,
475 1572 600 1596 nomen
616 1563 833 1609 patriamque
847 1571 1011 1597 novercae

91 1609 314 1652 Anchemoli;
344 1610 445 1651 dicat,
464 1616 548 1656 quot
562 1611 699 1647 Acestes
714 1612 839 1647 vixerit
854 1621 976 1652 annos,
1099 1616 1151 1644 235

90 1664 176 1704 quot
189 1658 328 1694 Siculus
343 1660 544 1707 Phrygibus
561 1661 635 1696 vini
649 1661 827 1696 donaverit
841 1671 961 1694 urnas.

90 1707 241 1755 Exigite,
259 1714 298 1744 ut
314 1721 429 1744 mores
444 1715 577 1744 teneros
589 1720 651 1745 ceu
665 1709 788 1757 pollice
806 1709 921 1751 ducat,

90 1762 130 1792 ut
147 1758 177 1792 si
191 1758 273 1805 quis
285 1769 361 1794 cera
380 1758 518 1794 vultum
533 1759 632 1795 facit:
661 1760 798 1807 exigite,
817 1764 856 1795 ut
869 1759 915 1794 sit
