1406 2047
344 95 407 129 134
698 98 977 128 IUVENALIS

342 165 538 211 depositum
552 165 615 200 tibi
631 175 751 211 sospes
764 166 841 199 erit.
881 165 948 200 Sed
961 175 1101 211 corpore
1115 169 1236 202 trunco

344 214 516 251 invidiosa
531 215 626 250 dabit
638 215 808 249 minimus
823 213 943 249 solatia
959 215 1113 262 sanguis.

270 270 321 297 180
341 264 383 298 Αι
398 267 549 300 vindicta
564 267 685 299 bonum
698 267 768 299 vita
783 267 966 299 iucundius
979 268 1064 309 ipsa.

345 313 476 359 Nempe
496 315 560 349 hoc
577 314 716 354 indocti.
734 325 886 360 quorum
900 313 1095 359 praecordia
1110 311 1218 348 nullis

346 363 520 398 interdum
534 368 592 398 aut
606 363 743 398 levibus
761 364 879 399 videas
892 363 1070 410 flagrantia
1085 363 1209 399 causis.

343 411 672 459 Quantulacumque
686 413 770 448 adeo
783 418 835 448 est
847 414 991 455 occasio,
1008 413 1136 448 suflicit
1149 413 1229 448 irae.

344 461 563 509 Chrysippus
578 474 645 498 non
661 463 750 498 dicet
765 464 868 506 idem,
890 475 952 498 nec
965 463 1048 498 mite
1061 462 1214 498 Thaletis

273 516 323 544 185
345 511 538 558 ingenium,
554 512 721 559 dulcique
735 525 840 549 senex
854 514 994 548 vicinus
1012 514 1184 560 Hymetto,

342 561 404 606 qui
418 568 551 607 partem
569 568 725 608 acceptae
737 575 838 598 saeva
852 564 940 598 inter
956 563 1069 598 vincla
1082 562 1215 598 cicutae

342 613 530 647 accusatori
545 612 650 647 nollet
663 613 758 648 dare.
798 613 953 648 Plurima
969 612 1051 647 felix

338 660 507 706 paulatim
527 663 609 696 vitia
622 668 725 707 atque
738 674 870 696 errores
883 663 979 696 exuit
992 672 1127 702 omnes,

339 709 451 754 prima
468 711 594 745 docens
608 716 739 744 rectum
753 711 945 755 Sapientia:
975 710 1106 754 quippe
1120 709 1248 743 minuti

269 764 319 791 100
339 769 476 804 semper
493 763 525 793 et
539 758 668 793 infirmi
684 764 734 793 est
748 759 856 793 animi
872 758 1063 805 exiguique
1078 756 1238 803 voluptas

339 807 438 842 ultio.
479 808 652 843 Continuo
665 809 715 843 sic
727 808 862 855 collige,
879 808 975 854 quod
988 806 1139 843 vindicta

338 868 441 892 nemo
456 858 566 905 magis
579 858 718 905 gaudet,
735 870 842 904 quam
851 857 992 892 femina.
1019 856 1214 892 Curtamen
1224 856 1330 893 hostu

337 907 490 942 evasisse
507 913 619 953 putes,
634 918 723 954 quos
735 908 804 942 diri
821 908 958 942 conscia
974 906 1051 942 sacti

337 968 438 992 mens
452 957 556 992 habet
569 959 729 992 attonitos
745 963 779 993 et
792 957 899 993 surdo
913 957 1055 992 verbere
1067 955 1177 992 caedit

267 1012 318 1040 195
336 1006 511 1042 occultum
526 1008 703 1054 quatiente
717 1008 835 1043 animo
854 1012 976 1042 tortore
990 1004 1191 1054 flagellum?

337 1056 449 1091 Poena
470 1062 584 1092 autem
599 1058 787 1093 vehemens
802 1069 840 1093 ac
854 1057 964 1092 multo
978 1057 1112 1092 saevior
1126 1055 1209 1096 illis,

338 1116 428 1151 quas
453 1112 485 1141 et
505 1107 685 1143 Caedicius
705 1109 823 1151 gravis
838 1104 969 1139 invenit
983 1108 1014 1138 et
1028 1103 1331 1144 Rhadamanthus,

338 1160 434 1189 nocte
448 1155 573 1198 dieque
591 1164 695 1187 suum
711 1159 844 1200 gestare
865 1154 897 1189 in
914 1159 1048 1199 pectore
1062 1159 1197 1190 testem.

338 1203 507 1249 Spartano
519 1201 658 1237 cuidam
673 1203 850 1247 respondit
865 1204 913 1249 Py
918 1203 988 1238 thia
1006 1208 1118 1239 vates:

267 1259 318 1287 200
339 1252 433 1287 haud
448 1252 662 1307 impunitum
678 1251 855 1298 quondam
871 1251 953 1291 sore,
970 1252 1065 1297 quod
1079 1252 1254 1286 dubitaret

338 1302 537 1348 depositum
556 1302 701 1336 retinere
714 1307 747 1335 et
760 1300 940 1335 fraudem
933 1312 1007 1335 1ure
1024 1301 1113 1334 tueri

340 1351 497 1386 iurando.
537 1350 730 1393 Quaerebat
743 1351 849 1391 enim,
865 1361 954 1397 quae
969 1350 1125 1384 numinis
1138 1355 1227 1385 esset

339 1413 451 1442 niem,
472 1405 562 1436 etan
578 1401 643 1435 hoc
658 1400 708 1435 illi
723 1400 858 1435 facinus
873 1400 1031 1435 suaderet
1044 1399 1190 1446 Apollo?

342 1450 504 1486 Reddidit
516 1462 599 1499 ergo
614 1456 720 1491 metu,
738 1462 808 1485 non
823 1450 999 1485 moribus:
1029 1454 1181 1485 ettamen
1189 1461 1329 1486 omnem

268 1508 319 1536 205
340 1512 460 1536 vocem
479 1500 574 1549 adyti
588 1501 732 1548 dignam
748 1500 877 1546 templo
892 1511 1078 1546 veramque
1091 1499 1262 1547 probavit,

341 1552 534 1586 exstinctus
548 1557 615 1586 tota
631 1551 758 1598 pariter
770 1562 849 1586 cum
866 1550 960 1597 prole
973 1550 1146 1596 domoque

341 1606 384 1642 et,
402 1601 566 1647 quamvis
581 1601 681 1649 longa
697 1601 853 1636 deductis
867 1605 978 1649 gente,
995 1600 1216 1646 propinquis,

341 1651 410 1685 llas
422 1651 550 1697 patitur
562 1662 690 1697 poenas
705 1651 868 1699 peccandi
885 1651 956 1686 sola
973 1650 1144 1688 voluntas.

341 1700 430 1734 Nam
445 1699 557 1736 scelus
572 1701 661 1737 intra
680 1714 716 1735 se
728 1702 870 1736 tacitum
885 1701 947 1747 qui
961 1700 1085 1747 cogitat
1099 1699 1225 1742 ullum,

269 1756 321 1784 210
342 1747 419 1785 sacti
433 1750 564 1786 crimen
579 1751 690 1787 habet.
735 1750 837 1792 Cedo,
855 1751 883 1786 si
899 1754 1017 1786 conata
1030 1749 1183 1797 peregit?
