1406 2047
278 882 328 910 265

277 1128 330 1156 270

281 1375 332 1403 275

350 122 412 155 ⁴⁴4
696 124 974 156 IUVENALIS

344 189 520 232 adtendas,
539 195 709 237 quantum
724 190 767 225 de
780 189 916 238 legibus
931 192 1004 238 ipse
1021 198 1187 239 queratur

345 239 493 274 fatorum
510 246 542 274 et
559 240 667 274 nimio
681 239 723 274 de
735 241 893 283 stamine,
911 252 1021 287 quum
1036 241 1128 276 videt
1141 242 1228 277 acris

346 288 521 324 Antilochi
542 289 684 323 barbam
701 289 886 325 ardentem.
914 291 1001 326 Nam
1015 292 1149 337 quaerit
1163 291 1205 326 ab
1219 293 1328 335 omni,

345 338 509 384 quisquis
523 338 629 378 adest,
647 339 750 381 socio,
767 349 830 374 cur
843 339 925 374 haec
940 340 974 375 in
991 346 1140 386 tempora
1156 341 1267 382 duret,

310 394 322 400 ·
345 386 439 432 quod
454 386 587 422 facinus
601 387 749 434 dignum
764 393 832 423 tam
849 388 951 435 longo
963 389 1139 423 admiserit
1153 401 1249 423 aevo.

346 436 435 470 Haec
454 435 572 470 eadem
591 437 724 477 Peleus
749 442 885 482 raptum
907 447 1018 483 quum
1039 437 1134 485 luget
1147 437 1328 481 Achillem,

347 490 450 530 atque
464 484 564 524 alius,
582 485 637 519 eui
654 484 703 519 fas
722 485 877 521 Ithacum
892 485 1009 533 lugere
1024 492 1210 523 natantem.

346 533 515 568 Incolumi
531 534 629 568 Troia
648 535 806 570 Priamus
825 536 975 570 venisset
989 536 1031 570 ad
1046 536 1188 572 umbras

347 583 503 617 Assaraci
518 583 655 629 magnis
670 583 885 626 solennibus,
903 586 1042 620 Hectore
1054 585 1160 621 funus

346 637 502 677 portante
516 642 553 666 ac
568 632 711 678 reliquis
726 632 870 667 fratrum
886 634 1091 673 cervicibus,
1114 635 1201 668 inter

347 680 496 715 Iliadum
513 680 696 722 lacrumas
713 687 751 715 ut
764 682 894 726 primos
907 681 1006 715 edere
1020 682 1181 726 planctus

348 729 540 764 Cassandra
555 730 729 772 inciperet,
747 729 925 772 scissaque
940 728 1118 782 Polyxena
1127 730 1232 774 palla.

348 779 376 812 si
393 777 475 812 soret
489 777 678 811 exstinctus
693 776 830 810 diverso
844 781 1007 821 tempore,
1024 776 1179 831 quoiam

349 831 503 872 coeperat
517 825 662 860 audaces
676 825 772 860 Paris
786 823 964 860 aedificare
977 825 1123 860 carinas.
1258 870 1261 871 ⁷

350 877 469 923 Longa
483 875 556 910 dies
572 875 679 921 igitur
692 874 779 920 quid
792 874 960 909 contulit?
985 874 1111 910 Omnia
1124 874 1213 910 vidit

349 935 479 966 eversa⁷
497 929 528 958 et
542 923 691 958 flammis
706 924 825 958 Asiam
840 923 999 969 ferroque
1012 924 1199 960 cadentem.

349 975 447 1009 Tunc
461 973 561 1008 miles
576 973 746 1008 tremulus
761 974 870 1020 posita
886 973 964 1009 tulit
978 985 1072 1009 arma
1088 974 1173 1009 tiara

348 1029 381 1059 et
395 1024 463 1058 ruit
480 1028 558 1058 ante
575 1034 669 1058 aram
684 1024 814 1058 summi
830 1023 934 1065 Iovis,
953 1029 991 1059 ut
1005 1023 1143 1059 vetulus
1157 1023 1230 1064 bos,

350 1073 412 1119 qui
426 1072 559 1107 domini
577 1072 697 1107 cultris
712 1078 814 1108 tenue
829 1078 862 1108 et
875 1073 1072 1108 miserabile
1085 1073 1214 1108 collum

350 1122 500 1168 praebet,
517 1121 560 1156 ab
576 1122 708 1168 ingrato
723 1123 790 1157 iam
807 1121 980 1158 fastiditus
993 1127 1113 1157 aratro.

350 1171 475 1206 Exitus
494 1170 552 1205 ille
566 1177 755 1216 utcumque
770 1172 942 1207 hominis:
971 1172 1031 1207 sed
1047 1177 1142 1207 torva
1160 1170 1283 1206 canino

351 1219 487 1255 latravit
502 1220 601 1260 rictu,
619 1231 707 1265 quae
722 1226 797 1265 post
813 1221 906 1255 hune
921 1221 1065 1261 vixerat,
1086 1231 1188 1256 uxor.

350 1269 491 1304 Festino
503 1268 546 1303 ad
562 1274 707 1309 nostros,
725 1274 756 1303 et
771 1280 885 1316 regem
904 1275 1040 1303 transeo
1055 1269 1165 1308 Ponti,

352 1323 385 1354 et
398 1318 576 1358 Croesum,
592 1329 696 1363 quem
712 1329 780 1353 vox
796 1318 876 1353 iusti
892 1317 1037 1353 facunda
1051 1316 1187 1351 Solonis

353 1367 521 1412 respicere
533 1365 577 1400 ad
591 1366 713 1411 longae
727 1368 828 1401 iussit
841 1368 948 1410 spat-ia
963 1366 1085 1401 ultima
1099 1366 1201 1400 vitae.

353 1415 529 1452 Exsilium
543 1419 575 1449 et
588 1425 701 1449 carcer
714 1415 1041 1459 Minturnarumque
1058 1414 1202 1459 paludes

354 1471 387 1501 et
400 1464 613 1500 mendicatus
631 1464 719 1498 vieta
730 1463 938 1509 Cartbagine
951 1462 1050 1508 panis

355 1515 438 1550 hinc
450 1525 572 1549 causas
587 1513 752 1548 habuere.
792 1512 884 1555 Quid
901 1512 958 1546 illo
971 1513 1044 1546 eive
1058 1510 1193 1546 tulisset

357 1569 478 1599 natura
498 1563 533 1597 in
551 1563 662 1604 terris,
680 1562 766 1608 quid
778 1563 885 1597 Roma
902 1561 1034 1596 beatius
1048 1571 1230 1607 umquam.

285 1621 336 1648 280
357 1614 398 1653 si,
417 1612 652 1647 circumducto
666 1613 882 1658 captivorum
896 1611 1034 1658 agmine
1047 1615 1079 1645 et
1097 1611 1193 1645 omni

357 1661 528 1697 bellorum
542 1672 680 1707 pompa,
699 1662 852 1696 animam
865 1660 1057 1696 exhalasset
1069 1660 1236 1706 opimam,

359 1722 471 1757 quum
484 1710 526 1746 de
541 1712 726 1746 Teutonico
742 1711 844 1746 vellet
857 1709 1060 1746 descendere
1073 1708 1201 1744 curru‘?

359 1759 506 1796 Provida
520 1761 683 1807 Pompeio
696 1760 833 1797 dederat
846 1759 1032 1807 Campania
1048 1758 1157 1796 febres
