1252 2025
2 0 21 147 l

3 152 17 243 ἢ*

5 311 13 531 f

0 558 7 835 l

409 77 602 109 SATIRA
627 75 715 105 xm.
991 67 1054 101 135

74 155 239 199 Perpetua
252 148 416 187 anxietas,
434 156 496 181 nec
510 154 649 180 mensae
662 147 813 187 tempore
825 143 948 182 cessat,

75 201 231 238 faucibus
243 203 281 233 ut
295 197 415 232 morbo
428 195 526 230 siocis
542 195 699 239 interque
712 189 860 226 molares

75 249 207 287 difficili
220 251 388 283 crescente
401 245 494 280 cibo:
524 243 584 279 sed
598 243 678 278 vina
693 239 851 276 misellus

77 298 231 346 exspuit3
260 296 386 332 Albani
403 294 525 329 veteris
540 293 685 338 pretiosa
698 294 855 326 senectus

77 348 239 395 displicet.
284 343 455 380 ostendas
469 342 607 382 melius,
628 339 834 375 densissima
852 346 940 383 ruga
1082 339 1133 367 215
1162 369 1165 372 ,

78 398 209 446 cogitur
222 396 259 430 in
272 394 433 434 frontem,
451 392 545 428 velut
559 390 628 426 acri
642 389 745 424 ducta
758 386 914 423 Falerno.

78 449 180 483 Nocte
191 446 332 481 brevem
345 444 376 479 si
390 443 473 478 sorte
486 440 633 477 indulsit
644 450 727 474 cura
740 446 913 483 soporem,

80 503 112 533 et
124 501 190 532 toto
202 500 337 530 versata
351 500 423 529 toro
438 493 506 527 iam
526 489 684 525 membra
698 488 901 534 quiescunt3

79 546 239 582 continuo
252 543 422 589 templum
437 547 469 575 et
483 539 599 574 violati
615 536 772 572 numinis
786 545 862 569 aras

78 601 121 637 et,
137 593 231 641 quod
244 591 439 639 praecipuis
455 594 604 623 mentem
623 584 812 620 sudoribus
826 585 939 628 urget,
1087 583 1138 611 220

79 649 111 679 te
129 643 220 678 videt
235 643 270 677 in
285 641 435 681 somnisg
466 643 524 672 tua
539 646 634 670 sacra
648 639 679 668 et
693 632 804 679 maior
817 632 932 678 imago

78 693 233 728 humana
248 690 363 724 turbat
376 686 555 732 pavidum,
570 684 731 729 cogitque
744 680 852 715 fateri.

79 742 124 776 ni
139 743 232 779 sunt,
253 737 314 784 qui
329 735 500 781 trepidant
515 737 547 766 et
562 733 604 765 ad
621 730 738 766 omnia
753 729 891 775 fulgura
904 725 1046 773 pallent,

81 800 194 837 quum
204 792 308 827 tonat,
319 785 496 820 exanimes
507 791 647 828 quoque
654 779 767 825 primo
774 787 955 812 murmure
963 775 1046 811 coeli
1057 786 1066 817 ς

84 850 151 874 non
167 837 267 883 quasi
283 835 454 874 fortuitus,
472 842 534 867 nec
549 834 731 865 ventorum
744 827 850 869 rabie,
863 825 923 861 sed
1091 829 1142 857 225

84 889 190 923 iratus
204 886 301 921 cadat
316 885 350 919 in
367 889 470 918 terras
484 887 516 917 et
530 879 681 915 vindicet
693 878 797 925 ignis.

84 937 146 973 Illa
159 936 246 971 nihil
262 934 390 975 nocuit,
406 944 487 967 cura
502 930 660 978 graviore
672 929 814 963 timetur

84 986 243 1033 proxima
263 988 458 1030 tempestas,
479 980 574 1016 velut
588 979 653 1014 hoc
664 977 768 1012 dilata
787 984 921 1011 sereno.

85 1037 270 1076 Praeterea,
289 1033 402 1069 lateris
415 1030 515 1079 vigili
526 1041 608 1065 cum
623 1027 717 1063 febre
730 1025 882 1061 dolorem

86 1086 116 1121 si
134 1095 272 1131 coepere
288 1084 372 1130 pati,
390 1083 539 1117 missum
554 1078 598 1114 ad
610 1089 673 1114 sua
688 1086 828 1123 corpora
843 1071 1006 1109 morbum
1095 1074 1146 1102 230

87 1134 211 1169 infesto
224 1133 368 1169 credunt
381 1144 400 1168 a
415 1131 577 1167 numine:
607 1138 690 1162 saxa
705 1125 849 1160 deorum

86 1184 170 1219 haec
182 1188 214 1218 et
228 1182 292 1217 tela
304 1185 440 1227 putant.
479 1176 649 1212 Pecudem
667 1173 836 1217 spondere
848 1168 975 1204 sacello

86 1232 271 1270 balantem,
289 1228 478 1263 etLaribus
493 1225 632 1259 cristam
648 1220 846 1267 promittere
858 1218 944 1266 galli

85 1291 155 1316 non
169 1278 312 1314 audent:
340 1275 429 1323 quid
442 1275 536 1310 enim
551 1282 688 1318 sperare
701 1269 907 1305 nocentibus
922 1267 1035 1314 aegris

85 1326 311 1365 conoessum?
335 1325 390 1361 vel
403 1334 495 1370 quae
507 1333 575 1357 non
591 1320 730 1367 dignior
742 1318 854 1353 hostia
870 1317 939 1352 vita
948 1315 965 1350 ⁶?
1096 1320 1148 1349 235

89 1377 226 1414 Mobilis
240 1381 273 1412 et
286 1375 380 1410 varia
396 1378 449 1409 est
462 1372 569 1407 ferme
582 1375 705 1405 natura
717 1367 905 1404 malorum.

88 1427 203 1472 Quum
216 1425 329 1462 scelus
341 1423 541 1463 admittunt,
562 1423 720 1504 Suq-erest
734 1416 937 1454 constantia.
981 1413 1078 1457 Quid

634 1479 671 1504 as

91 1531 191 1572 atque
210 1523 316 1566 nefas,
332 1521 473 1558 tandem
486 1519 659 1566 incipiunt
670 1516 797 1553 sentire
810 1515 957 1562 peractis

91 1574 304 1611 criminibus.
349 1573 478 1608 Tamen
493 1570 536 1606 ad
550 1580 662 1605 moroe
675 1572 798 1604 natura
810 1564 955 1601 recurrit

90 1624 282 1665 damnatos,
301 1623 370 1658 fixa
383 1627 417 1658 et
429 1620 557 1656 mutari
570 1618 698 1654 nescia.
736 1617 827 1652 Nam
838 1615 922 1661 quis
1097 1614 1150 1644 240

93 1673 252 1721 peccandi
265 1673 372 1708 finem
385 1671 502 1718 posuit
515 1668 609 1705 sibi?
633 1666 774 1714 quando
786 1664 913 1710 recepit

94 1723 236 1759 eiectum
249 1721 354 1760 semel
369 1721 482 1758 attrita
498 1719 540 1756 de
553 1717 663 1754 fronte
681 1713 867 1753 ruborem?
