1406 2047
402 80 594 110 SATIRA
619 78 679 109 VI.
1062 75 1106 108 65

50 150 147 187 nulla
165 151 276 186 iacens
291 147 363 184 illic
375 144 677 187 munuscula‚'nec
689 145 858 192 queritur,
875 143 971 191 quod

50 207 81 236 et
98 200 190 236 lateri
204 209 335 245 parcas,
352 207 426 237 nec,
447 200 620 241 quantum
634 195 748 235 iussit,
765 193 919 230 anheles.

49 249 116 285 Sed
131 249 237 295 placet
249 245 387 281 Ursidio
398 245 453 280 lex
467 244 573 279 Iulia:
603 243 719 278 tollere
731 242 870 278 dulcem

49 299 172 345 cogitat
187 295 359 337 heredem,
381 295 553 329 cariturus
568 298 699 328 turture
713 303 853 339 magno,

49 346 310 391 mullorumque
326 344 430 385 iubis,
447 349 479 378 et
491 347 660 389 captatore
674 341 827 377 macello.
1074 345 1107 374 40

49 395 140 438 Quid
156 395 229 430 fieri
248 405 317 429 non
332 389 434 440 p‘osse
446 398 557 439 putes,
574 392 604 427 si
618 392 775 439 iungitur
788 390 860 426 ulla

51 443 210 480 Ursidio‘?
235 445 264 478 si
279 443 500 478 moechorum
516 442 720 477 notissimus
733 440 818 476 olim

49 493 154 529 stulta
168 493 317 528 maritali
331 494 400 528 iam
417 492 563 538 porrigit
576 503 635 526 ora
647 491 808 536 capistro,

50 554 156 589 quem
170 543 268 578 toties
284 543 369 578 texit
382 542 526 588 perituri
539 541 624 575 cista
639 538 776 574 Latini‘?

50 591 166 635 Quid?
191 592 286 638 quod
299 597 332 627 et
344 591 499 636 antiquis
517 600 607 625 uxor
619 588 662 623 de
674 587 832 624 moribus
845 585 897 622 illi
1076 590 1110 621 45

50 641 253 688 quaeritur?
305 641 352 683 Ο,
381 639 526 681 medici,
565 637 718 712 medialm
755 635 954 684 pertundite
979 646 1039 671 ve-

585 699 686 723 nam.

52 738 196 774 Delicias
208 739 382 774 hominis!
412 737 599 784 Tarpeium
613 737 719 772 limen
735 735 839 771 adora

52 798 196 834 pronus,
214 792 246 822 et
260 792 414 821 auratam
433 787 558 820 Iunoni
573 785 675 820 caede
689 786 886 825 iuvencam,

53 837 83 871 si
97 836 160 870 tibi
175 835 353 882 contigerit
369 835 491 880 capitis
505 839 660 868 matrona
675 833 807 879 pudici.

54 886 186 920 Paucae
200 884 283 920 adeo
298 884 430 920 Cereris
443 883 545 918 vittas
559 883 757 930 contingere
770 881 909 929 dignae,
1082 888 1114 914 50

53 945 205 981 quarum
223 945 293 969 non
309 934 426 968 timeat
438 938 534 978 pater
546 931 674 967 oscula.
715 932 818 967 Necte
831 941 992 966 coronam

53 983 224 1030 postibus,
242 988 274 1018 et
286 982 411 1018 densos
425 993 485 1028 per
500 981 622 1016 limina
636 981 737 1016 tende
754 981 951 1029 corymbos.

55 1034 153 1069 Unus
168 1033 324 1068 Iberinae
339 1033 392 1067 vir
403 1031 554 1067 sufficit?
579 1031 684 1066 Ocius
699 1029 788 1065 illud

55 1082 289 1129 extorquebis,
307 1087 346 1117 ut
359 1082 442 1116 haec
458 1081 557 1116 oculo
570 1086 728 1116 contenta
742 1080 787 1114 sit
799 1089 883 1114 uno.

104 1132 230 1179 Magna
243 1136 358 1166 tamen
374 1130 466 1165 fama
480 1136 531 1165 est
543 1130 726 1165 cuiusdam
740 1139 820 1164 rure
832 1133 976 1175 paterno
1084 1134 1115 1159 55

55 1181 218 1216 viventis.
259 1180 361 1215 Vivat
374 1179 507 1220 Gabiis,
524 1183 563 1213 ut
578 1179 665 1213 vixit
677 1179 712 1213 in
728 1188 824 1225 agro,

54 1230 150 1265 vivat
163 1228 322 1263 Fidenis!
350 1228 394 1262 Et
406 1227 528 1275 agello,
543 1227 638 1269 cedo,
655 1232 816 1274 paterno:

54 1278 135 1324 quis
148 1281 265 1312 tamen
285 1276 446 1319 affirmat,
469 1277 518 1312 nil
534 1282 649 1313 actum
669 1278 706 1312 in
721 1274 914 1317 montibus,
933 1275 1042 1310 autin

54 1325 256 1373 speluncis?
281 1326 376 1361 Adeo
390 1332 580 1362 senuerunt
593 1327 722 1372 Iupiter
735 1332 768 1361 et
779 1324 898 1360 Mars?

104 1375 344 1410 Porticibusne
358 1375 422 1409 tibi
436 1380 650 1409 monstratur
663 1374 793 1409 femina
805 1378 886 1408 voto
1084 1379 1115 1404 60
1156 1388 1163 1393 -

56 1425 162 1472 digna
176 1423 259 1460 tuo‘?
285 1423 414 1459 Cuneis
428 1435 472 1458 an
490 1423 619 1458 habent
630 1422 825 1468 spectacula
839 1421 931 1463 totis,

56 1473 152 1521 quod
165 1483 308 1508 securus
323 1484 429 1514 ames,
446 1472 612 1518 quodque
629 1471 709 1507 inde
722 1482 902 1517 excerpere
910 1469 1047 1518 possis?

57 1523 291 1559 Chirouomon
307 1522 435 1557 Ledam
450 1521 548 1556 molli
562 1521 707 1556 saltante
718 1521 890 1569 Bathyllo,

57 1573 183 1610 Tuscia
195 1572 330 1608 vesicae
343 1583 413 1607 non
427 1572 590 1617 imperat3
618 1570 756 1617 Appula
769 1570 903 1617 gannit,

58 1621 148 1658 sicut
161 1622 198 1657 in
213 1621 389 1668 amplexu,
407 1621 566 1656 subitum
583 1624 615 1655 et
627 1620 840 1663 miserabile3
870 1619 1016 1667 longum
1087 1626 1117 1652 65

60 1671 203 1706 attendit
216 1670 402 1719 Thymele3
432 1669 600 1718 Thymele
612 1675 695 1705 tunc
712 1670 840 1705 rustica
853 1668 968 1705 discit.

61 1720 124 1755 Ast
137 1719 234 1763 aliae,
251 1721 386 1768 quoties
399 1720 517 1756 aulaea
532 1720 704 1757 recondita
716 1724 863 1760 cessant,

113 1780 262 1815 IUVENAL.
874 1779 902 1814 Ε
