1406 2047
450 511 887 555 PRAEFATIO.

211 718 409 771 Egregium
439 722 675 770 Satyricorum
706 732 786 768 par,
821 719 934 767 quod,
968 721 1000 755 si
1026 720 1199 768 quiquam

141 794 230 829 inter
264 795 446 838 scriptores
470 794 650 839 antiquos,
678 793 881 829 verissimae
915 791 1101 836 sapientiae
1125 791 1200 837 ple-

141 875 227 899 num
253 874 361 899 cornu
386 863 548 905 effundit,
576 874 632 905 ac,
661 861 747 897 dum
772 873 856 898 suae
880 862 997 897 aetatis
1017 873 1130 898 mores
1154 863 1200 898 ob

139 934 257 970 oculos
282 935 397 980 ponit,
426 935 585 970 omnium
614 939 763 970 aetatum
781 933 866 968 vitia
889 934 1200 980 perversitatesque

139 1006 357 1054 perstringit,
388 1007 555 1053 quoniam
580 1006 680 1041 novis
705 1005 800 1052 typis
828 1015 951 1040 ornare
970 1004 1199 1040 Tauchnitius

139 1077 351 1113 decreverat:
397 1088 470 1124 quo
504 1076 677 1112 difficilior
706 1076 890 1122 utriusque
925 1074 1025 1110 lectio
1059 1080 1198 1122 propter

139 1148 324 1184 dictionem
354 1153 386 1182 et
408 1158 463 1182 res
493 1151 525 1183 et
549 1147 735 1182 sententias
763 1157 838 1182 esse
862 1146 1054 1182 necessario
1082 1146 1195 1189 debet,

137 1223 231 1254 tanto
254 1218 377 1253 maiori
403 1218 519 1254 studio
545 1218 772 1254 adnitendum
798 1218 882 1261 suit,
906 1223 946 1254 ut
966 1218 1082 1253 omnia
1108 1223 1197 1253 recte

136 1294 169 1325 et
209 1295 382 1337 quantum
420 1290 495 1325 fieri
533 1296 649 1337 posset
689 1290 869 1326 emendate
905 1290 1194 1326 exscriberentur.

135 1361 181 1397 Et
205 1361 241 1396 in
267 1361 383 1397 Persio
415 1360 559 1408 quidem
586 1362 732 1408 pristina
763 1361 868 1396 editio
894 1367 1048 1396 accurate
1073 1363 1197 1397 Passo-

136 1433 314 1475 wianum,
344 1433 381 1469 in
406 1432 569 1469 Iuvenale
598 1438 712 1468 autem
738 1433 990 1479 Rupertianum
1018 1432 1196 1479 exemplar

136 1509 252 1539 secuta
283 1503 410 1549 fuerat3
457 1516 564 1551 quem
595 1510 785 1550 utrumque
816 1509 949 1539 textum
989 1515 1058 1539 non
1092 1515 1194 1550 posse

137 1575 288 1622 amplius
305 1576 452 1618 servari,
474 1576 579 1611 hodie
597 1575 641 1610 ab
660 1576 798 1611 nemine
819 1582 904 1622 puto
923 1575 1191 1624 intelligentium

137 1646 410 1683 addubitabitur.
476 1648 636 1684 Ceterum
674 1658 788 1694 neque
829 1648 1058 1684 recentiorum
1094 1650 1194 1696 quis-

137 1729 244 1765 quam
275 1719 479 1757 alterutrum
520 1721 566 1756 ita
598 1718 807 1767 perpolitum
843 1719 998 1762 dederat,
1042 1725 1082 1756 ut
1117 1721 1193 1756 eius
