1373 2036
343 121 496 150 SATIR
504 120 533 148 A
561 119 645 148 vm.
949 114 991 148 95

11 193 181 231 Gaurana,
199 193 231 224 et
244 187 359 224 Cosmi
376 193 444 222 toto
459 191 635 232 mergatur
649 194 747 219 aeno.

11 242 206 286 Exspectata
221 237 281 272 diu
298 237 433 272 tandem
447 235 623 282 provincia
637 245 748 280 quum
764 238 797 268 te

10 295 167 326 rectorem
185 288 336 333 accipiet,
354 299 442 332 pone
462 287 529 320 irae
543 284 637 319 frena
651 284 880 329 modumque,

12 349 96 387 pone
108 343 140 373 et
157 337 337 372 avaritiae:
368 336 530 370 miserere
545 335 686 380 inopum
702 334 888 368 sociorum.

13 388 93 425 Ossa
107 386 203 422 vides
219 398 339 433 regum
353 386 472 420 vacuis
487 390 627 419 exsucta
643 383 816 417 medullis.
1035 388 1067 415 90

11 437 159 482 Respice,
177 436 263 482 quid
276 440 439 469 moneant
455 434 559 480 legeS,
577 433 663 478 quid
677 433 772 467 curia
791 431 943 473 mandet,

10 486 158 534 praemia
173 490 302 531 quanta
318 485 426 519 bonos
440 488 613 523 maneant,
631 493 738 527 quam
753 480 901 516 fulmine
915 481 1006 516 iusto

10 540 42 572 et
54 535 171 580 Capito
185 539 216 568 et
230 534 336 568 Tutor
351 533 492 572 ruerint,
510 531 696 565 damnante
713 534 847 570 senatu,

10 585 136 632 piratae
149 583 310 618 Cilicum.
351 582 417 616 Sed
431 581 518 627 quid
532 580 707 614 damnatio
725 577 868 619 confert,

11 645 120 680 quum
135 633 245 667 Pansa
260 631 394 677 eripiat,
413 629 587 677 quidquid
603 629 667 663 tibi
681 630 780 663 Natta
795 626 960 673 reliquit‘?
1036 634 1068 661 95

11 683 225 722 Praeconem,
241 681 443 725 Chaerippe,
461 680 529 714 tuis
544 678 770 723 circumspice
784 678 923 723 pannis,

14 732 152 777 iamque
169 736 253 765 tace.
305 730 416 763 Furor
440 734 502 769 est⁷
526 733 604 773 post
624 728 741 761 omnia
754 727 896 773 perdere
908 737 996 762 nau-

544 775 632 810 lum.

14 829 89 864 Non
104 827 196 862 idem
214 826 364 873 gemitus
378 823 461 859 olim
478 835 538 858 nec
552 824 683 858 vulnus
699 829 768 858 erat
782 835 844 870 par

14 877 232 915 damnorum,
249 876 351 909 sociis
366 872 580 914 florentibus,
596 878 628 906 et
642 872 745 907 modo
759 873 872 907 victis.

17 926 117 962 Plena
130 925 255 960 domus
273 930 354 958 tunc
367 923 480 957 omnis
495 928 526 956 et
542 922 665 968 ingens
682 923 793 956 stabat
807 933 952 957 acervus
1021 928 1071 956 100

16 986 212 1015 numorum,
231 973 397 1020 Spartana
411 971 580 1018 chlamy&
598 971 767 1006 conchilia
782 971 862 1014 Coa,

15 1030 141 1059 etcum
157 1022 328 1058 Parrhasii
348 1021 474 1056 tabulis
491 1021 673 1067 signisque
691 1021 846 1067 Myronis

17 1073 216 1108 Phidiacum
234 1072 373 1107 vivebat
386 1071 484 1111 ebur,
505 1081 567 1104 nec
582 1081 649 1105 non
666 1069 829 1116 Polycleti

16 1123 146 1157 multus
162 1122 292 1167 ubique
306 1121 419 1155 labor:
449 1130 544 1153 rarae
558 1120 633 1153 sine
648 1120 801 1153 Mentore
815 1129 967 1155 mensae.

16 1171 97 1206 Inde
111 1170 280 1206 Dolabella
294 1175 344 1204 est
359 1174 460 1213 atque
475 1168 555 1202 hinc
568 1167 753 1209 Antonius,
771 1168 853 1204 inde
1019 1175 1071 1202 105

15 1220 199 1265 sacrilegus
215 1219 348 1252 Verres.
388 1216 592 1251 Referebant
607 1218 758 1252 navibus
773 1217 852 1253 altis

15 1268 141 1304 ooculta
158 1266 266 1313 spolia
281 1272 313 1301 et
327 1265 444 1312 plures
458 1266 500 1300 de
514 1278 596 1311 pace
610 1267 820 1313 triumphos.

0 1319 112 1353 ¹Nunc
130 1317 232 1352 sociis
252 1316 333 1363 iuga
352 1326 462 1362 pauca
479 1315 587 1350 boum
602 1322 634 1350 et
646 1328 732 1363 grex
746 1327 876 1363 parvus
890 1326 998 1363 equa-

0 1405 1 1410 1
546 1376 646 1408 rum;

15 1420 47 1451 et
58 1419 154 1462 pater
166 1414 312 1449 armenti
328 1418 425 1459 capto
442 1413 606 1458 eripietur
620 1413 747 1460 agello;

17 1465 78 1511 ipsi
91 1464 214 1499 deinde
227 1465 342 1503 Lares,
359 1463 389 1497 si
404 1463 497 1508 quod
514 1463 698 1508 spectabile
712 1463 868 1510 signum,
1019 1469 1070 1498 110

15 1513 44 1549 si
57 1514 136 1560 quis
150 1514 185 1548 in
199 1512 353 1548 aedicula
371 1512 456 1546 deus
471 1523 577 1546 unus.
608 1511 710 1560 [Haec
722 1513 848 1548 etenim
861 1518 945 1548 sunt

16 1573 74 1608 pro
87 1563 254 1598 summis:
278 1574 357 1596 nam
374 1566 456 1596 sunt
471 1561 553 1596 haec
566 1561 748 1610 maxima]
777 1562 951 1608 Despicias
960 1566 998 1597 tu

16 1610 151 1647 forsitan
166 1611 323 1646 imbelles
337 1611 489 1646 Rhodios
504 1617 714 1658 unctamque
724 1612 937 1649 'Corinthum
951 1626 957 1647 :

22 1661 180 1707 despicias
197 1661 332 1695 merito.
374 1660 466 1703 Quid
481 1661 628 1696 resinata
646 1662 810 1698 iuventus

17 1719 182 1757 cruraque
194 1711 300 1745 totius
315 1710 438 1745 facient
453 1710 513 1744 tibi
530 1709 616 1745 levia
631 1711 769 1758 gentis?
1019 1717 1069 1744 115

16 1757 157 1795 Horrida
169 1760 309 1797 vitanda
322 1765 373 1796 est
390 1760 568 1807 Hispania,
587 1760 740 1798 Gallicus
754 1761 842 1804 axis,
