1406 2047
313 146 356 180 50
640 149 916 180 IUVENALIS

311 214 436 262 pullati
450 225 617 262 proceres,
637 215 750 251 differt
767 216 965 253 vadimonia
979 218 1126 254 Praetor.

312 266 410 300 Tunc
422 266 599 312 gemimus
612 276 715 301 casus
728 266 843 309 Urbis,
861 271 943 302 tunc
955 267 1095 304 odimus
1109 269 1237 316 ignem.

239 320 290 348 215
310 314 417 350 Ardet
429 314 556 356 adhuc,
573 320 605 351 et
618 315 688 350 iam
702 315 861 358 occurrit,
878 318 940 363 qui
954 329 1126 354 marmora
1140 318 1254 362 donet.

310 363 462 399 conferat
476 365 664 410 impensas.
705 366 768 400 Hic
781 365 874 401 nuda
889 373 921 402 et
934 367 1077 403 candida
1091 369 1206 416 signa,

310 413 368 448 hic
382 413 517 459 aliquid
529 414 745 460 praeclarum
759 415 999 462 Euphranoris
1013 423 1045 452 et
1058 417 1234 466 Polycleti,

311 462 395 498 haec
409 463 619 499 Asianorum
637 470 749 500 vetera
763 471 963 501 ornamenta
977 467 1137 508 Deorum,

311 512 368 547 bic
383 511 490 548 libros
503 513 598 549 dabit
612 519 644 550 et
656 513 787 551 forulos
801 516 1023 562 mediamque
1036 517 1240 559 Minervam.

237 566 288 595 220
309 561 366 596 hic
380 562 537 598 modium
552 565 699 611 argenti.
738 565 877 600 Meliora
892 577 930 600 ac
943 567 1042 611 plura
1057 567 1191 612 reponit

309 611 480 653 Persicus,
498 613 663 648 orborum
677 613 907 657 lautissimus,
924 621 956 650 et
970 616 1092 650 merito
1107 617 1176 650 iam

310 666 506 707 suspectus,
525 668 704 709 tamquam
720 664 792 710 ipse
805 676 888 700 suas
903 665 1092 700 incenderit
1109 665 1223 701 aedes.

308 709 345 744 Si
363 716 459 756 potes
473 711 575 746 avelli
591 713 826 755 Circensibus,
843 715 972 760 optima
987 714 1100 756 Sorae,

307 764 367 793 aut
381 760 600 796 Fabrateriae
615 762 754 803 domus,
771 769 831 796 aut
844 764 1040 797 Frusinone
1053 767 1205 807 paratur,

236 813 287 841 225
307 809 429 853 quanti
446 819 540 842 nunc
552 809 712 843 tenebras
725 820 838 844 unum
852 810 1018 844 conducis
1034 810 1069 844 in
1084 820 1227 844 annum.

309 855 475 891 Hortulus
492 856 560 897 hic,
578 862 776 903 puteusque
790 858 919 899 brevia
930 857 1301 900 necrestemovendus,

307 906 343 940 in
361 910 483 940 tenues
499 905 635 951 plantas
650 906 741 940 facili
756 907 963 940 diffunditur
977 906 1119 943 haustu.

307 955 396 990 Vive
409 954 561 990 bidentis
577 965 710 996 amans,
726 960 758 990 et
771 953 855 990 culti
871 955 1010 991 villicus
1028 956 1136 1001 horti3

307 1004 402 1039 unde
416 1004 561 1050 epulum
575 1004 689 1050 possis
703 1010 844 1040 centum
862 1004 942 1040 dare
956 1005 1193 1053 Pythagoreis·

236 1059 288 1087 230
307 1054 371 1088 Est
385 1053 532 1099 aliquid,
548 1065 772 1101 quocumque
786 1054 871 1096 loco,
889 1065 1114 1103 quocumque
1126 1066 1264 1092 recessu

308 1103 417 1138 unius
431 1114 505 1138 sese
523 1103 707 1139 dominum
727 1104 848 1140 secisse
861 1103 1026 1140 lacernae.

359 1151 539 1187 Plurimus
558 1153 614 1188 hie
629 1165 730 1200 aeger
743 1155 892 1188 moritur
904 1153 1101 1201 vigilando:
1130 1152 1299 1191 sedilium

308 1200 514 1249 languorem
528 1203 660 1248 peperit
673 1203 774 1236 cibus
789 1202 1010 1248 imperfectus
1027 1208 1060 1237 et
1076 1204 1222 1239 haerens

309 1250 443 1286 ardenti
462 1251 651 1286 stomacho.
692 1252 781 1286 Nam
797 1262 887 1298 quae
899 1252 1071 1286 meritoria
1085 1262 1251 1287 somnum

237 1305 289 1333 2235
309 1300 522 1334 admittunt?
547 1301 684 1347 Magnis
698 1301 824 1346 opibus
837 1300 1010 1335 dormitur
1023 1300 1059 1335 in
1074 1300 1181 1335 Urbe:

311 1348 391 1383 inde
404 1354 509 1394 caput
522 1350 649 1384 morbi.
690 1350 892 1384 Rhedarum
906 1350 1072 1384 transitus
1087 1354 1178 1386 arcto

309 1398 468 1433 vicorum
484 1398 520 1433 in
534 1397 627 1433 flexu
641 1403 674 1433 et
687 1399 809 1433 stantis
822 1399 977 1433 convicia
990 1399 1155 1435 mandrae

312 1448 458 1493 eripient
471 1458 613 1482 somnos
627 1458 709 1482 urso
722 1447 914 1494 vitulisque
924 1448 1083 1484 marinis.

312 1497 347 1531 Si
364 1501 461 1532 vocat
477 1496 645 1538 osticium,
662 1497 765 1532 turba
782 1497 922 1532 cedente
934 1497 1079 1532 vehetur

240 1549 292 1579 240
313 1546 423 1588 dives,
441 1551 473 1581 et
487 1547 618 1594 ingenti
632 1550 746 1581 curret
760 1557 866 1592 super
878 1557 937 1582 ora
954 1546 1120 1588 Liburno,

313 1601 417 1641 atque
430 1595 539 1630 obiter
555 1595 643 1643 leget
656 1601 715 1631 aut
729 1597 866 1638 scribet,
882 1595 935 1632 vel
950 1596 1095 1631 dormiet
1110 1596 1222 1640 intus3

315 1655 468 1690 namque
482 1643 561 1680 facit
574 1657 739 1681 somnum
753 1645 869 1681 clausa
883 1645 998 1681 lectica
1011 1645 1172 1680 fenestra.

315 1695 404 1729 Ante
418 1699 534 1730 tamen
548 1695 680 1730 veniet:
710 1695 811 1730 nobis
825 1695 1087 1742 properantibus
1099 1695 1212 1730 obstat

314 1744 410 1779 unda
422 1745 534 1790 prior:
554 1756 683 1792 magno
698 1745 849 1791 populus
862 1745 986 1792 premit
1000 1743 1301 1793 agminelumbOS,

244 1797 295 1828 245
315 1794 377 1841 qui
395 1795 564 1842 sequitur.
607 1796 700 1830 Ferit
713 1795 770 1830 hic
783 1795 910 1839 cubito,
927 1795 1003 1832 ferit
1015 1806 1129 1832 assere
1141 1794 1230 1830 duro
