1406 2047
415 69 605 98 SATIRA
630 69 685 98 111.
991 67 1033 101 ⁴5

50 135 107 172 Nil
121 135 183 171 tibi
197 146 234 171 se
246 134 369 170 debere
380 139 488 180 putat,
511 134 559 170 nil
579 134 727 171 conferet
740 146 924 182 umquam,

49 186 249 231 participem
264 185 325 229 qui
340 189 371 219 te
385 185 503 218 secreti
520 183 596 219 fecit
610 185 753 220 honesti.

50 235 159 269 Carus
177 233 240 268 erit
253 233 363 275 Verri,
380 234 440 278 qui
457 234 596 269 Verrem
613 240 774 280 tempore,
792 244 862 280 quo
876 234 961 275 vult,

51 293 208 318 accusare
223 287 344 327 potest.
387 283 484 317 Tanti
503 283 563 317 tibi
581 295 647 318 uon
663 284 707 318 sit
720 284 816 329 opaci

49 331 162 367 omnis
178 343 279 366 arena
294 331 377 379 Tagi
397 332 562 378 quodque
577 333 612 368 in
628 344 722 368 mare
737 332 887 368 volvitur
900 343 1039 375 aurum,
1075 341 1106 367 55

48 385 86 416 ut
99 392 222 415 somno
235 392 362 421 careaS.
381 382 610 428 ponendaque
624 382 775 428 praemia
790 393 909 417 sumas

47 430 166 471 tristis,
185 434 217 465 et
230 442 248 465 a
263 442 391 477 magno
405 443 540 477 semper
555 432 706 467 timearis
721 431 843 466 amico.

96 478 192 521 Quae
206 492 300 514 nunc
313 480 483 515 divitibus
495 492 582 528 gens
599 481 835 526 acceptissima
850 481 977 515 nostris

47 533 79 563 et
93 539 182 574 quos
200 530 381 575 praecipue
395 529 540 577 fugiam,
557 530 746 576 properabo
761 529 868 569 fateri,

48 588 111 612 nec
124 577 236 624 pudor
249 579 411 613 obstabit.
452 579 527 614 Non
542 590 687 625 possum
698 578 796 619 serre,
819 577 982 620 Quirites,
1075 585 1107 612 50

47 626 212 662 Graecam
227 627 361 663 urbem.
377 627 546 670 Quamvis
561 634 665 674 quota
679 629 790 674 portio
805 626 1066 663 faecisAchaei‘?

47 676 116 711 iam
131 676 266 722 pridem
281 677 391 724 Syrus
408 678 444 713 in
463 678 615 713 Tiberim
629 678 774 713 defluxit
788 677 946 718 Orontes,

47 730 80 760 et
92 725 249 772 linguam
263 731 296 761 et
308 738 434 769 mores,
451 732 483 762 et
497 739 578 762 cum
592 728 733 763 tibicine
746 726 891 762 chordas

42 773 221 819 obliquas,
238 786 301 808 nec
315 787 384 808 nou
397 776 540 820 gentilia
554 783 732 820 tympana,
749 786 867 809 secum

49 823 155 863 vexit,
173 828 204 857 et
219 822 261 856 ad
276 822 416 857 Circum
429 822 543 856 iussas
559 828 712 867 prostare
726 823 869 868 puellas.
1078 830 1110 858 65

49 873 108 913 Ite,
127 872 258 917 quihus
273 876 369 918 grata
386 876 436 906 est
450 871 538 917 picta
558 871 640 917 lupa
654 872 797 907 barbara
814 872 925 906 mitra.

49 921 212 956 Rusticus
227 920 284 954 ille
299 927 380 955 tuus
395 921 502 956 sumit
516 921 748 968 trechedipna,
766 921 922 965 Quirine,

49 976 81 1006 et
96 970 298 1005 ceromatico
312 969 375 1005 sert
390 970 548 1005 niceteria
567 970 666 1005 collo.

50 1020 113 1055 Hic
131 1019 197 1055 alta
212 1019 370 1066 Sicyone,
388 1025 440 1054 ast
458 1020 513 1054 hic
527 1020 619 1056 Amx
621 1020 709 1056 done
724 1019 850 1060 relicta,

49 1069 107 1104 hic
121 1069 251 1109 Andro,
270 1069 327 1104 illc
341 1069 455 1111 Samo,
474 1070 530 1104 hic
548 1069 721 1104 Trallibus
736 1075 794 1105 aut
806 1068 1009 1109 Alabandis,
1077 1076 1110 1103 70

49 1118 228 1174 Esquilias
241 1118 442 1164 dictumque
455 1124 578 1164 petunt
592 1130 610 1153 a
626 1120 756 1153 vimine
769 1118 903 1159 collem,

50 1168 182 1202 viscera
196 1179 405 1213 magnarum
419 1167 602 1208 domuum,
620 1167 824 1214 dominique
837 1166 955 1203 futuri.

49 1216 234 1263 Ingenium
249 1215 363 1257 velox,
383 1216 524 1251 audacia
539 1216 683 1263 perdita,
701 1228 815 1252 sermo

48 1270 220 1312 promtuS,
237 1270 270 1300 et
282 1265 376 1301 Isaeo
392 1267 579 1302 torrentior.
618 1267 703 1308 Ede,
721 1267 808 1313 quid
824 1265 926 1301 illum

49 1326 124 1351 esse
131 1319 250 1360 putes:
271 1326 376 1361 quem
386 1316 638 1357 vishominem,
650 1327 769 1352 secum
784 1314 958 1350 adtulitad
966 1325 1048 1350 nos:
1077 1322 1110 1350 75

49 1364 311 1412 grammaticus,
329 1364 454 1406 rhetor,
470 1370 670 1411 geometres,
688 1365 809 1410 pictor,
828 1364 962 1409 aliptes,

51 1425 176 1462 augur,
197 1413 456 1455 schoenobates,
475 1413 643 1454 medicus,
660 1425 804 1460 magus:
834 1413 952 1448 omnia
967 1414 1063 1449 novit

52 1462 244 1499 Graeculus
258 1463 433 1498 esuriens:
462 1463 499 1497 in
517 1462 652 1498 coelum
666 1463 821 1504 iusseris,
839 1462 915 1497 ibit.

53 1513 108 1549 Ad
128 1523 318 1555 summam,
346 1524 415 1548 non
428 1512 571 1548 Maurus
591 1517 662 1547 erat
681 1523 793 1559 neque
809 1511 964 1548 Sarmata
978 1523 1041 1548 nec

588 1561 714 1603 Thrax,

55 1612 117 1658 qui
132 1611 258 1646 sumsit
272 1622 417 1658 pennas,
435 1611 560 1647 mediis
577 1611 638 1646 sed
652 1616 754 1646 natus
767 1610 926 1646 Athenis.
1080 1617 1112 1644 80

55 1661 186 1696 Horum
201 1672 264 1708 ego
279 1672 348 1696 non
362 1661 494 1709 fugiam
510 1660 715 1708 conchylia‘.>
739 1661 794 1696 Me
806 1661 901 1707 prior
915 1659 974 1696 ille

57 1710 236 1758 signabit?
262 1710 443 1758 fultusque
456 1717 529 1747 toro
543 1710 683 1747 meliore
695 1711 872 1747 recumbet
