1406 2047
261 271 295 299 75

262 766 295 793 85

263 1013 297 1041 90

264 1261 297 1288 95

266 1507 318 1535 100

268 1753 320 1781 105

337 97 400 131 420
687 102 967 132 IUVENALIS

333 165 522 214 Signinum
535 166 748 214 Syriumque
761 179 902 216 pyrum,
920 168 963 204 de
974 168 1138 204 corbibus
1153 169 1264 206 isdem

335 214 471 251 aemula
485 216 631 258 Picenis,
649 222 680 252 et
697 217 812 252 odoris
827 218 917 253 mala
931 218 1087 260 recentis,

334 275 396 300 nec
413 265 598 301 metuenda
613 266 685 307 tibi,
707 267 874 302 siccatum
887 266 1013 315 frigore
1026 273 1209 314 postquam

334 319 565 350 auctumnum
581 320 613 350 et
626 316 724 350 crudi
739 327 884 362 posuere
897 317 1049 363 pericula
1064 317 1171 353 succi.

333 364 423 399 Haec
435 363 520 398 olim
534 365 641 399 nostri
656 366 725 400 iam
740 366 920 402 luxuriosa
933 366 1079 402 Senatus

334 423 438 448 coena
451 412 529 448 fuit.
571 414 711 457 Curius,
729 427 836 462 parvo
849 427 939 462 quae
953 415 1079 463 legerat
1091 415 1201 456 horto,

335 462 409 508 ipse
422 461 506 497 focis
519 463 686 500 brevibus
700 465 849 511 ponebat
861 465 1028 506 oluscula,
1045 477 1134 510 quae
1150 476 1243 500 nunc

334 511 518 558 squalidus
532 513 568 547 in
584 524 709 560 magna
725 514 854 549 fastidit
867 513 1033 559 compede
1045 513 1165 555 fossor,

336 561 398 607 qui
413 562 583 603 meminit,
601 562 729 598 calidae
747 564 857 608 sap'iat
869 563 955 609 quid
972 562 1076 598 vulva
1088 564 1245 610 popinae.

335 610 422 645 Sicci
437 615 529 658 terga
542 612 628 652 suis,
647 623 721 646 rara
734 612 918 658 pendentia
932 618 1034 654 crate.

335 661 443 696 moris
458 667 529 695 erat
542 660 719 707 quondam
734 661 829 696 sestis
847 673 983 696 servare
997 662 1133 703 diebus,

335 720 373 744 ac
387 709 583 745 natalitium
595 711 749 756 cognatis
763 722 889 755 ponere
902 710 1053 750 lardum,

333 758 513 793 accedente
528 759 660 797 nova‚si
675 769 782 803 quam
796 758 899 792 dabat
914 758 1036 798 hostia,
1056 768 1171 792 carne.

335 807 572 854 Cognatorum
587 806 728 853 aliquis,
746 806 845 842 titulo
859 813 908 842 ter
924 806 1088 842 Consulis
1103 812 1207 854 atque

334 862 526 892 castrorum
541 857 696 902 imperiis
711 862 743 892 et
756 857 935 892 Dictatoris
950 857 1078 892 honore

334 905 487 948 functus,
508 906 552 941 ad
566 906 628 940 has
643 906 763 951 epulas
777 906 878 941 solito
895 907 1066 941 maturius
1081 905 1164 947 ibat,

335 961 485 991 erectum
499 955 628 991 domito
643 955 791 991 referens
808 968 826 991 a
842 961 957 991 monte
972 955 1136 1003 ligonem.

335 1005 454 1049 Quum
470 1011 654 1041 tremerent
668 1010 784 1041 autem
801 1006 927 1041 Fabios
944 1005 1145 1052 durumque
1159 1004 1322 1041 Catonem

335 1061 368 1091 et
380 1055 526 1091 Scauros
540 1061 572 1091 et
585 1055 773 1098 Fabricios,
792 1056 966 1103 rigidique
980 1065 1117 1091 severos

334 1106 488 1140 censoris
502 1116 614 1141 mores
629 1106 730 1140 etiam
745 1105 873 1152 collega
889 1106 1041 1148 timeret·,

336 1165 438 1189 nemo
453 1155 541 1189 inter
554 1166 654 1188 curas
668 1163 700 1190 et
713 1156 800 1190 seria
814 1156 915 1190 duxit
929 1154 1143 1196 habendum,

335 1203 451 1249 qualis
465 1204 500 1237 in
515 1202 649 1237 Oceano
662 1202 768 1237 fluctu
782 1205 917 1238 testudo
931 1209 1074 1244 nataret,

335 1252 468 1287 clarum
484 1252 689 1298 Troiugenis
704 1250 832 1285 factura
847 1261 885 1284 ac
900 1251 1015 1285 nobile
1029 1251 1199 1286 fulcrum:

337 1301 398 1336 scd
413 1301 507 1336 nudo
527 1301 628 1336 latere
646 1306 678 1335 et
691 1301 808 1346 parvis
823 1299 917 1334 frons
931 1311 1026 1334 aerea
1045 1299 1140 1335 lectis

337 1350 406 1386 vile
419 1351 570 1385 coronati
583 1355 685 1395 caput
698 1349 897 1384 ostendebat
910 1348 1019 1390 aselli,

337 1399 382 1436 ad
399 1399 495 1446 quod
512 1398 631 1434 lascivi
647 1398 812 1433 ludebant
826 1398 917 1433 ruris
935 1397 1082 1432 alumni.

338 1449 438 1484 Tales
452 1459 533 1495 ergo
546 1448 626 1489 cibi,
644 1447 760 1493 qualis
774 1447 900 1481 domus
915 1453 1017 1492 atque
1031 1445 1199 1491 supellex.

338 1499 436 1534 Tunc
454 1498 552 1533 rudis
564 1503 597 1532 et
610 1497 732 1532 Graias
747 1496 866 1531 mirari
881 1496 1019 1531 nescius
1033 1501 1134 1537 artes,

339 1548 489 1584 urbibus
502 1547 643 1587 eversis,
662 1545 869 1592 praedarum
887 1546 922 1580 in
937 1550 1031 1591 parte
1048 1549 1178 1590 reperta

339 1608 547 1645 magnorum
561 1596 733 1631 artificum
747 1595 926 1643 frangebat
940 1594 1058 1641 pocula
1073 1594 1186 1635 miles,

338 1652 378 1682 ut
394 1646 545 1693 phaleris
558 1645 722 1693 gauderet
736 1657 861 1692 equuS,
879 1644 1071 1691 caelataque
1087 1644 1196 1678 cassis

339 1696 526 1731 Romuleae
540 1695 724 1731 simulacra
738 1694 828 1730 ferae
841 1704 1080 1730 mansuescere
1095 1693 1208 1728 iussae

340 1746 476 1794 imperii
490 1745 568 1789 fato,
585 1745 744 1794 geminos
757 1744 824 1781 sub
843 1755 928 1792 rupe
940 1743 1115 1788 Quirinos,
