1252 2025
409 131 598 164 SATIRA
625 133 700 163 XV.
982 134 1045 168 447

318 299 634 341 SATIRA
693 305 790 344 XV.

63 400 161 425 ARG.
175 401 218 425 De
229 402 420 434 Acgyptiorum
439 406 638 437 superstitione,
657 409 702 440 qui
722 418 773 433 non
794 409 878 434 solum
895 410 999 442 plantas
1018 416 1045 436 et

125 442 246 467 animalia
263 445 360 474 coluit,
375 448 419 470 sed
432 448 494 471 adeo
509 448 627 473 homines
641 450 776 475 immolent
791 456 815 475 et
829 451 899 476 inter
916 461 942 476 se
955 453 987 476 ad
1001 454 1043 477 in-

124 485 298 509 tei-necionem
329 496 410 519 usque
440 489 588 520 disceptent
614 489 646 512 ob
670 490 828 521 religionum
852 493 1042 518 diversitatem.

124 525 209 556 Quam
221 525 366 551 barbariem
380 534 523 557 aversatus,
538 529 728 555 humanitatem
738 533 828 558 suadet
840 537 866 558 et
878 535 911 558 nd
922 535 1041 560 mitiore·

122 567 202 591 animi
216 576 306 591 sensus
319 569 424 593 alendos
439 569 602 595 adhortatur.

111 624 206 674 Quis
220 634 338 675 nescit,
352 634 474 671 Volusi
488 636 680 683 Bithynice,
701 637 817 684 qualia
833 639 976 676 demens

58 679 239 728 Aegyptus
254 689 408 729 portenta
426 684 537 719 colat?
561 687 763 723 Crocodilon
778 689 896 725 adorat

57 739 139 774 pars
156 731 255 765 haec:
284 732 342 765 illa
355 739 456 777 pavet
469 738 621 769 saturam
638 738 856 781 serpentibus
871 737 958 775 ibin.

58 777 199 824 Effigies
213 780 299 814 sacri
315 781 398 815 nitet
412 792 513 816 aurea
527 785 761 829 cercopitheci,

58 825 202 862 dimidio
214 829 367 875 magicae
381 837 541 866 resonant
555 832 616 867 ubi
629 834 811 870 Memnone
824 835 982 879 chordae,
1098 845 1112 872 5

56 879 159 921 atque
172 882 270 912 vetus
285 878 400 913 Thebe
412 885 551 915 centum
567 881 650 916 iacet
663 883 784 918 obruta
798 885 918 930 portis.

57 923 130 958 Illic
143 926 326 967 caeruleos,
343 928 399 962 hic
411 929 540 973 piscem
554 929 723 973 fluminis,
744 932 816 968 illic

55 974 180 1019 oppida
193 980 260 1010 tota
277 986 396 1011 canem
413 985 629 1021 venerantur,
647 992 749 1016 nemo
762 982 918 1018 Dianam.

54 1023 198 1058 Porrum
211 1029 244 1059 et
259 1035 359 1071 caepe
374 1026 468 1061 nefas
483 1028 610 1064 violare
624 1041 663 1064 ac
675 1029 832 1077 frangere
846 1043 978 1067 morsu.

54 1070 84 1106 Ο
97 1077 230 1108 sanctas
243 1080 375 1121 gentes,
391 1077 521 1122 quibus
538 1077 621 1112 haec
634 1086 824 1114 nascuntur
837 1081 873 1115 in
891 1081 1000 1117 hortis
1076 1090 1109 1117 to

54 1121 216 1157 numina!
245 1124 384 1158 Lanatis
397 1126 608 1161 animalibus
622 1127 770 1163 abstinet
783 1130 898 1165 omnis

54 1180 187 1205 mensa.
226 1171 328 1207 Nefas
343 1173 413 1208 illic
426 1173 533 1209 fetum
550 1176 709 1223 iugulare
722 1177 888 1223 capellae:

52 1219 216 1254 carnibus
228 1220 393 1256 humanis
408 1224 499 1258 vesci
514 1224 601 1259 licet.
640 1225 793 1261 Attonito
806 1238 919 1273 quum

49 1267 117 1302 tale
133 1280 238 1313 super
250 1281 391 1304 coenam
404 1270 538 1306 facinus
552 1280 703 1309 narraret
717 1275 835 1310 Ulixes

48 1314 203 1357 Alcinoo,
220 1316 326 1352 bilem
341 1324 400 1353 aut
414 1320 523 1354 risum
539 1320 680 1356 fortasse
692 1323 907 1367 quibusdam
1072 1335 1106 1362 15

47 1370 212 1406 moverat,
228 1371 267 1399 ut
280 1367 430 1403 mendax
444 1368 646 1415 aretalogus.
685 1371 728 1405 In
740 1383 835 1406 mare
848 1384 942 1408 nemo

48 1415 135 1448 hunc
149 1416 263 1455 abicit,
280 1426 381 1450 saeva
395 1420 534 1460 diynum
546 1429 693 1462 veraque
710 1419 892 1464 Charybdi,

48 1463 222 1506 fingentem
234 1467 396 1499 immanes
409 1465 659 1510 Laestryqonas
671 1474 774 1513 atque
791 1469 981 1516 Cyclopas?

49 1510 139 1545 Nam
155 1515 256 1547 citius
269 1513 432 1557 Scyllam.
448 1517 501 1549 vel
514 1521 752 1552 concurrentia
767 1530 871 1560 saxa,

0 1600 2 1612 ‚
52 1558 213 1603 Cyaneas,
225 1563 343 1605 plenos
357 1569 387 1597 et
401 1567 648 1607 tempestatibus
662 1572 754 1602 utres
1069 1579 1101 1605 20

48 1611 259 1651 crediderim,
274 1617 336 1646 aut
347 1616 438 1647 tenui
446 1624 646 1656 percussum
656 1617 794 1651 verbere
809 1616 925 1654 Circes

47 1662 78 1691 et
92 1668 167 1692 cum
178 1662 360 1704 remiyibus
372 1665 552 1706 yrunnixse
562 1664 733 1708 Elpenora
742 1669 873 1710 porcis.

50 1705 132 1740 Tam
144 1712 244 1743 vacui
257 1713 382 1754 capitis
390 1714 554 1755 populum
566 1713 720 1749 Phaeaca
729 1713 892 1759 putavit?

46 1753 103 1790 Sic
117 1754 244 1804 aliquis
256 1759 390 1803 merito,
400 1760 558 1797 nondum
571 1762 701 1806 ebrius,
718 1768 751 1800 et
761 1764 950 1800 minimum
963 1766 1026 1812 qui

814 1824 879 1862 ΚΞ
