<?xml version="1.0" encoding="UTF-8"?>
<!DOCTYPE html PUBLIC "-//W3C//DTD XHTML 1.0 Transitional//EN"
    "http://www.w3.org/TR/xhtml1/DTD/xhtml1-transitional.dtd">
<html xmlns="http://www.w3.org/1999/xhtml" xml:lang="en" lang="en">
 <head>
  <title>
</title>
<meta http-equiv="Content-Type" content="text/html;charset=utf-8" />
  <meta name='ocr-system' content='tesseract 3.04.00' />
  <meta name='ocr-capabilities' content='ocr_page ocr_carea ocr_par ocr_line ocrx_word'/>
</head>
<body>
  <div class='ocr_page' id='page_1' title='image "apersiiflaccietd00persuoft_0022.png"; bbox 0 0 1406 2047; ppageno 0'>
   <div class='ocr_carea' id='block_1_1' title="bbox 311 108 921 142">
    <p class='ocr_par' dir='ltr' id='par_1_1' title="bbox 311 108 921 142">
     <span class='ocr_line' id='line_1_1' title="bbox 311 108 921 142; baseline 0.003 -2"><span class='ocrx_word' id='word_1_1' title='bbox 311 108 350 141; x_wconf 73' lang='grc'>40</span> <span class='ocrx_word' id='word_1_2' title='bbox 674 113 717 142; x_wconf 78' lang='lat' dir='ltr'>A.</span> <span class='ocrx_word' id='word_1_3' title='bbox 750 113 921 142; x_wconf 86' lang='lat' dir='ltr'>PERSII</span> 
     </span>
    </p>
   </div>
   <div class='ocr_carea' id='block_1_2' title="bbox 238 176 1287 911">
    <p class='ocr_par' dir='ltr' id='par_1_2' title="bbox 238 176 1287 423">
     <span class='ocr_line' id='line_1_2' title="bbox 238 176 1209 225; baseline 0.004 -14"><span class='ocrx_word' id='word_1_4' title='bbox 238 184 287 211; x_wconf 78' lang='lat'>120</span> <span class='ocrx_word' id='word_1_5' title='bbox 307 177 389 212; x_wconf 86' lang='lat' dir='ltr'>Heic</span> <span class='ocrx_word' id='word_1_6' title='bbox 407 181 520 212; x_wconf 82' lang='lat' dir='ltr'>tamen</span> <span class='ocrx_word' id='word_1_7' title='bbox 535 176 721 212; x_wconf 82' lang='lat' dir='ltr'>infodiam:</span> <span class='ocrx_word' id='word_1_8' title='bbox 746 178 861 221; x_wconf 88' lang='lat' dir='ltr'>»Vidi,</span> <span class='ocrx_word' id='word_1_9' title='bbox 883 178 954 214; x_wconf 92' lang='lat' dir='ltr'>vidi</span> <span class='ocrx_word' id='word_1_10' title='bbox 972 179 1057 225; x_wconf 89' lang='lat' dir='ltr'>ipse,</span> <span class='ocrx_word' id='word_1_11' title='bbox 1075 178 1209 215; x_wconf 83' lang='lat' dir='ltr'>libelle:</span> 
     </span>
     <span class='ocr_line' id='line_1_3' title="bbox 309 226 1287 276; baseline 0.006 -16"><span class='ocrx_word' id='word_1_12' title='bbox 309 226 481 261; x_wconf 82' lang='lat' dir='ltr'>auriculas</span> <span class='ocrx_word' id='word_1_13' title='bbox 490 227 579 261; x_wconf 89' lang='lat' dir='ltr'>asini</span> <span class='ocrx_word' id='word_1_14' title='bbox 593 227 685 262; x_wconf 83' lang='lat' dir='ltr'>Mida</span> <span class='ocrx_word' id='word_1_15' title='bbox 696 227 897 263; x_wconf 78' lang='lat' dir='ltr'>rexhabet.«</span> <span class='ocrx_word' id='word_1_16' title='bbox 909 249 958 254; x_wconf 89' lang='lat'>—</span> <span class='ocrx_word' id='word_1_17' title='bbox 970 230 1039 263; x_wconf 87' lang='lat' dir='ltr'>Hoc</span> <span class='ocrx_word' id='word_1_18' title='bbox 1047 240 1110 276; x_wconf 81' lang='lat' dir='ltr'>ego</span> <span class='ocrx_word' id='word_1_19' title='bbox 1117 236 1287 276; x_wconf 84' lang='lat' dir='ltr'>opertum,</span> 
     </span>
     <span class='ocr_line' id='line_1_4' title="bbox 307 275 1119 318; baseline 0.004 -8"><span class='ocrx_word' id='word_1_20' title='bbox 307 275 373 310; x_wconf 91' lang='lat' dir='ltr'>hoc</span> <span class='ocrx_word' id='word_1_21' title='bbox 387 275 498 311; x_wconf 87' lang='lat' dir='ltr'>ridere</span> <span class='ocrx_word' id='word_1_22' title='bbox 511 287 640 318; x_wconf 82' lang='lat' dir='ltr'>meum,</span> <span class='ocrx_word' id='word_1_23' title='bbox 658 282 727 311; x_wconf 87' lang='lat' dir='ltr'>tam</span> <span class='ocrx_word' id='word_1_24' title='bbox 743 277 804 318; x_wconf 82' lang='lat' dir='ltr'>nil,</span> <span class='ocrx_word' id='word_1_25' title='bbox 823 277 918 312; x_wconf 87' lang='lat' dir='ltr'>nulla</span> <span class='ocrx_word' id='word_1_26' title='bbox 931 278 992 312; x_wconf 88' lang='lat' dir='ltr'>tibi</span> <span class='ocrx_word' id='word_1_27' title='bbox 1007 279 1119 313; x_wconf 68' lang='lat' dir='ltr'>vendo</span> 
     </span>
     <span class='ocr_line' id='line_1_5' title="bbox 308 324 1136 372; baseline 0.004 -13"><span class='ocrx_word' id='word_1_28' title='bbox 308 324 426 360; x_wconf 84' lang='lat' dir='ltr'>Iliade.</span> <span class='ocrx_word' id='word_1_29' title='bbox 441 345 491 351; x_wconf 89' lang='lat'>—</span> <span class='ocrx_word' id='word_1_30' title='bbox 503 325 634 360; x_wconf 82' lang='lat' dir='ltr'>Audaci</span> <span class='ocrx_word' id='word_1_31' title='bbox 649 327 851 372; x_wconf 82' lang='lat' dir='ltr'>quicunque</span> <span class='ocrx_word' id='word_1_32' title='bbox 863 326 972 362; x_wconf 82' lang='lat' dir='ltr'>afnate</span> <span class='ocrx_word' id='word_1_33' title='bbox 986 328 1136 369; x_wconf 84' lang='lat' dir='ltr'>Cratino,</span> 
     </span>
     <span class='ocr_line' id='line_1_6' title="bbox 308 374 1207 423; baseline 0.003 -15"><span class='ocrx_word' id='word_1_34' title='bbox 308 375 436 408; x_wconf 85' lang='lat' dir='ltr'>iratum</span> <span class='ocrx_word' id='word_1_35' title='bbox 450 374 658 419; x_wconf 79' lang='lat' dir='ltr'>Eupolidem</span> <span class='ocrx_word' id='word_1_36' title='bbox 679 375 885 422; x_wconf 77' lang='lat' dir='ltr'>praegrandi</span> <span class='ocrx_word' id='word_1_37' title='bbox 900 387 980 411; x_wconf 89' lang='lat' dir='ltr'>cum</span> <span class='ocrx_word' id='word_1_38' title='bbox 994 388 1074 411; x_wconf 85' lang='lat' dir='ltr'>sene</span> <span class='ocrx_word' id='word_1_39' title='bbox 1087 376 1207 423; x_wconf 80' lang='lat' dir='ltr'>palles,</span> 
     </span>
    </p>

    <p class='ocr_par' dir='ltr' id='par_1_3' title="bbox 238 423 1233 668">
     <span class='ocr_line' id='line_1_7' title="bbox 238 423 1206 471; baseline 0.003 -15"><span class='ocrx_word' id='word_1_40' title='bbox 238 429 288 457; x_wconf 71' lang='lat'>225</span> <span class='ocrx_word' id='word_1_41' title='bbox 309 423 445 468; x_wconf 85' lang='lat' dir='ltr'>adspice</span> <span class='ocrx_word' id='word_1_42' title='bbox 463 429 494 457; x_wconf 85' lang='lat' dir='ltr'>et</span> <span class='ocrx_word' id='word_1_43' title='bbox 509 424 604 464; x_wconf 84' lang='lat' dir='ltr'>haec,</span> <span class='ocrx_word' id='word_1_44' title='bbox 621 425 651 458; x_wconf 89' lang='lat' dir='ltr'>si</span> <span class='ocrx_word' id='word_1_45' title='bbox 665 424 748 459; x_wconf 80' lang='lat' dir='ltr'>sorte</span> <span class='ocrx_word' id='word_1_46' title='bbox 763 425 897 471; x_wconf 89' lang='lat' dir='ltr'>aliquid</span> <span class='ocrx_word' id='word_1_47' title='bbox 910 425 1081 460; x_wconf 80' lang='lat' dir='ltr'>decoctius</span> <span class='ocrx_word' id='word_1_48' title='bbox 1095 426 1206 461; x_wconf 86' lang='lat' dir='ltr'>audis.</span> 
     </span>
     <span class='ocr_line' id='line_1_8' title="bbox 309 472 1036 518; baseline 0.003 -12"><span class='ocrx_word' id='word_1_49' title='bbox 309 472 392 506; x_wconf 90' lang='lat' dir='ltr'>Inde</span> <span class='ocrx_word' id='word_1_50' title='bbox 406 477 566 518; x_wconf 86' lang='lat' dir='ltr'>vaporata</span> <span class='ocrx_word' id='word_1_51' title='bbox 582 472 684 507; x_wconf 90' lang='lat' dir='ltr'>lector</span> <span class='ocrx_word' id='word_1_52' title='bbox 697 474 783 508; x_wconf 88' lang='lat' dir='ltr'>mibi</span> <span class='ocrx_word' id='word_1_53' title='bbox 799 473 923 508; x_wconf 78' lang='lat' dir='ltr'>ferveat</span> <span class='ocrx_word' id='word_1_54' title='bbox 937 485 1036 508; x_wconf 90' lang='lat' dir='ltr'>aure:</span> 
     </span>
     <span class='ocr_line' id='line_1_9' title="bbox 309 521 1205 570; baseline 0.003 -15"><span class='ocrx_word' id='word_1_55' title='bbox 309 532 378 556; x_wconf 89' lang='lat' dir='ltr'>non</span> <span class='ocrx_word' id='word_1_56' title='bbox 393 521 461 562; x_wconf 86' lang='lat' dir='ltr'>hic,</span> <span class='ocrx_word' id='word_1_57' title='bbox 478 522 539 567; x_wconf 92' lang='lat' dir='ltr'>qui</span> <span class='ocrx_word' id='word_1_58' title='bbox 555 522 590 556; x_wconf 90' lang='lat' dir='ltr'>in</span> <span class='ocrx_word' id='word_1_59' title='bbox 603 522 759 568; x_wconf 89' lang='lat' dir='ltr'>crepidas</span> <span class='ocrx_word' id='word_1_60' title='bbox 774 523 958 557; x_wconf 90' lang='lat' dir='ltr'>Graiorum</span> <span class='ocrx_word' id='word_1_61' title='bbox 974 522 1090 557; x_wconf 89' lang='lat' dir='ltr'>ludere</span> <span class='ocrx_word' id='word_1_62' title='bbox 1103 523 1205 570; x_wconf 80' lang='lat' dir='ltr'>gestit</span> 
     </span>
     <span class='ocr_line' id='line_1_10' title="bbox 309 569 1124 617; baseline 0.002 -13"><span class='ocrx_word' id='word_1_63' title='bbox 309 569 483 611; x_wconf 82' lang='lat' dir='ltr'>sordidus,</span> <span class='ocrx_word' id='word_1_64' title='bbox 501 576 533 605; x_wconf 91' lang='lat' dir='ltr'>et</span> <span class='ocrx_word' id='word_1_65' title='bbox 547 570 643 606; x_wconf 88' lang='lat' dir='ltr'>lusco</span> <span class='ocrx_word' id='word_1_66' title='bbox 657 572 718 617; x_wconf 90' lang='lat' dir='ltr'>qui</span> <span class='ocrx_word' id='word_1_67' title='bbox 731 573 839 617; x_wconf 77' lang='lat' dir='ltr'>possit</span> <span class='ocrx_word' id='word_1_68' title='bbox 853 572 981 607; x_wconf 87' lang='lat' dir='ltr'>dicere:</span> <span class='ocrx_word' id='word_1_69' title='bbox 1012 571 1124 607; x_wconf 87' lang='lat' dir='ltr'>lusce!</span> 
     </span>
     <span class='ocr_line' id='line_1_11' title="bbox 310 619 1233 668; baseline 0.003 -15"><span class='ocrx_word' id='word_1_70' title='bbox 310 630 385 654; x_wconf 87' lang='lat' dir='ltr'>sese</span> <span class='ocrx_word' id='word_1_71' title='bbox 399 619 552 665; x_wconf 87' lang='lat' dir='ltr'>aliquem</span> <span class='ocrx_word' id='word_1_72' title='bbox 567 620 720 659; x_wconf 75' lang='lat' dir='ltr'>credens.</span> <span class='ocrx_word' id='word_1_73' title='bbox 738 621 820 655; x_wconf 89' lang='lat' dir='ltr'>Italo</span> <span class='ocrx_word' id='word_1_74' title='bbox 834 621 927 667; x_wconf 91' lang='lat' dir='ltr'>quod</span> <span class='ocrx_word' id='word_1_75' title='bbox 942 621 1071 656; x_wconf 84' lang='lat' dir='ltr'>honore</span> <span class='ocrx_word' id='word_1_76' title='bbox 1084 621 1233 668; x_wconf 84' lang='lat' dir='ltr'>supinus</span> 
     </span>
    </p>

    <p class='ocr_par' dir='ltr' id='par_1_4' title="bbox 239 667 1228 862">
     <span class='ocr_line' id='line_1_12' title="bbox 239 667 1033 715; baseline 0.001 -13"><span class='ocrx_word' id='word_1_77' title='bbox 239 675 289 702; x_wconf 83' lang='lat'>130</span> <span class='ocrx_word' id='word_1_78' title='bbox 309 667 447 715; x_wconf 78' lang='lat' dir='ltr'>fregerit</span> <span class='ocrx_word' id='word_1_79' title='bbox 461 669 619 704; x_wconf 80' lang='lat' dir='ltr'>heminas</span> <span class='ocrx_word' id='word_1_80' title='bbox 635 670 726 704; x_wconf 82' lang='lat' dir='ltr'>Areti</span> <span class='ocrx_word' id='word_1_81' title='bbox 741 670 861 704; x_wconf 84' lang='lat' dir='ltr'>aedilis</span> <span class='ocrx_word' id='word_1_82' title='bbox 876 671 1033 715; x_wconf 88' lang='lat' dir='ltr'>iniquas:</span> 
     </span>
     <span class='ocr_line' id='line_1_13' title="bbox 310 718 1228 765; baseline 0 -13"><span class='ocrx_word' id='word_1_83' title='bbox 310 729 373 752; x_wconf 85' lang='lat' dir='ltr'>nec</span> <span class='ocrx_word' id='word_1_84' title='bbox 386 718 446 763; x_wconf 90' lang='lat' dir='ltr'>qui</span> <span class='ocrx_word' id='word_1_85' title='bbox 463 718 566 752; x_wconf 88' lang='lat' dir='ltr'>abaco</span> <span class='ocrx_word' id='word_1_86' title='bbox 581 730 744 754; x_wconf 88' lang='lat' dir='ltr'>numeros</span> <span class='ocrx_word' id='word_1_87' title='bbox 758 725 789 754; x_wconf 85' lang='lat' dir='ltr'>et</span> <span class='ocrx_word' id='word_1_88' title='bbox 803 724 893 753; x_wconf 81' lang='lat' dir='ltr'>secto</span> <span class='ocrx_word' id='word_1_89' title='bbox 909 720 943 753; x_wconf 90' lang='lat' dir='ltr'>in</span> <span class='ocrx_word' id='word_1_90' title='bbox 962 719 1103 765; x_wconf 81' lang='lat' dir='ltr'>pulvere</span> <span class='ocrx_word' id='word_1_91' title='bbox 1121 724 1228 754; x_wconf 88' lang='lat' dir='ltr'>metas</span> 
     </span>
     <span class='ocr_line' id='line_1_14' title="bbox 310 767 1123 815; baseline -0.001 -13"><span class='ocrx_word' id='word_1_92' title='bbox 310 767 373 802; x_wconf 90' lang='lat' dir='ltr'>scit</span> <span class='ocrx_word' id='word_1_93' title='bbox 387 767 505 801; x_wconf 87' lang='lat' dir='ltr'>risisse</span> <span class='ocrx_word' id='word_1_94' title='bbox 519 767 623 808; x_wconf 78' lang='lat' dir='ltr'>vafer,</span> <span class='ocrx_word' id='word_1_95' title='bbox 641 768 793 803; x_wconf 87' lang='lat' dir='ltr'>multum</span> <span class='ocrx_word' id='word_1_96' title='bbox 808 768 957 815; x_wconf 75' lang='lat' dir='ltr'>gaudere</span> <span class='ocrx_word' id='word_1_97' title='bbox 973 773 1123 812; x_wconf 87' lang='lat' dir='ltr'>paratus,</span> 
     </span>
     <span class='ocr_line' id='line_1_15' title="bbox 310 815 1109 862; baseline -0.003 -12"><span class='ocrx_word' id='word_1_98' title='bbox 310 817 339 850; x_wconf 88' lang='lat' dir='ltr'>si</span> <span class='ocrx_word' id='word_1_99' title='bbox 356 816 486 862; x_wconf 72' lang='lat' dir='ltr'>Cynico</span> <span class='ocrx_word' id='word_1_100' title='bbox 500 816 644 850; x_wconf 88' lang='lat' dir='ltr'>barbam</span> <span class='ocrx_word' id='word_1_101' title='bbox 661 817 820 861; x_wconf 85' lang='lat' dir='ltr'>petulans</span> <span class='ocrx_word' id='word_1_102' title='bbox 837 817 977 849; x_wconf 88' lang='lat' dir='ltr'>nonaria</span> <span class='ocrx_word' id='word_1_103' title='bbox 993 815 1109 849; x_wconf 79' lang='lat' dir='ltr'>vellat.</span> 
     </span>
    </p>

    <p class='ocr_par' dir='ltr' id='par_1_5' title="bbox 311 863 1196 911">
     <span class='ocr_line' id='line_1_16' title="bbox 311 863 1196 911; baseline 0 -12"><span class='ocrx_word' id='word_1_104' title='bbox 311 865 372 900; x_wconf 90' lang='lat' dir='ltr'>His</span> <span class='ocrx_word' id='word_1_105' title='bbox 387 875 489 900; x_wconf 87' lang='lat' dir='ltr'>mane</span> <span class='ocrx_word' id='word_1_106' title='bbox 502 864 666 906; x_wconf 88' lang='lat' dir='ltr'>edictum,</span> <span class='ocrx_word' id='word_1_107' title='bbox 682 870 760 911; x_wconf 88' lang='lat' dir='ltr'>post</span> <span class='ocrx_word' id='word_1_108' title='bbox 771 864 917 911; x_wconf 86' lang='lat' dir='ltr'>prandia</span> <span class='ocrx_word' id='word_1_109' title='bbox 931 863 1125 900; x_wconf 84' lang='lat' dir='ltr'>Callirhoen</span> <span class='ocrx_word' id='word_1_110' title='bbox 1139 864 1196 899; x_wconf 90' lang='lat' dir='ltr'>do.</span> 
     </span>
    </p>
   </div>
   <div class='ocr_carea' id='block_1_3' title="bbox 420 1029 1202 1068">
    <p class='ocr_par' dir='ltr' id='par_1_6' title="bbox 420 1029 1202 1068">
     <span class='ocr_line' id='line_1_17' title="bbox 420 1029 1202 1068; baseline -0.001 -2"><span class='ocrx_word' id='word_1_111' title='bbox 420 1030 734 1068; x_wconf 79' lang='lat' dir='ltr'><strong>SATIRA</strong></span> <span class='ocrx_word' id='word_1_112' title='bbox 801 1029 1202 1067; x_wconf 81' lang='lat' dir='ltr'><strong>SECUNDA·</strong></span> 
     </span>
    </p>
   </div>
   <div class='ocr_carea' id='block_1_4' title="bbox 496 1122 1108 1151">
    <p class='ocr_par' dir='ltr' id='par_1_7' title="bbox 496 1122 1108 1151">
     <span class='ocr_line' id='line_1_18' title="bbox 496 1122 1108 1151; baseline -0.003 0"><span class='ocrx_word' id='word_1_113' title='bbox 496 1123 557 1151; x_wconf 81' lang='lat' dir='ltr'>AD</span> <span class='ocrx_word' id='word_1_114' title='bbox 584 1123 811 1151; x_wconf 87' lang='lat' dir='ltr'><strong>PLOTIUM</strong></span> <span class='ocrx_word' id='word_1_115' title='bbox 836 1122 1108 1150; x_wconf 76' lang='lat' dir='ltr'><strong>MACRINUM.</strong></span> 
     </span>
    </p>
   </div>
   <div class='ocr_carea' id='block_1_5' title="bbox 309 1202 1301 1269">
    <p class='ocr_par' dir='ltr' id='par_1_8' title="bbox 309 1202 1301 1269">
     <span class='ocr_line' id='line_1_19' title="bbox 309 1202 1301 1234; baseline -0.003 -5"><span class='ocrx_word' id='word_1_116' title='bbox 309 1204 365 1229; x_wconf 83' lang='lat' dir='ltr'>AR</span> <span class='ocrx_word' id='word_1_117' title='bbox 374 1204 405 1228; x_wconf 86' lang='lat' dir='ltr'>G.</span> <span class='ocrx_word' id='word_1_118' title='bbox 418 1204 460 1228; x_wconf 81' lang='lat' dir='ltr'>De</span> <span class='ocrx_word' id='word_1_119' title='bbox 472 1203 564 1234; x_wconf 73' lang='lat' dir='ltr'>pravis</span> <span class='ocrx_word' id='word_1_120' title='bbox 578 1203 679 1227; x_wconf 74' lang='lat' dir='ltr'>addcos</span> <span class='ocrx_word' id='word_1_121' title='bbox 693 1203 761 1227; x_wconf 65' lang='lat' dir='ltr'>votis</span> <span class='ocrx_word' id='word_1_122' title='bbox 773 1211 802 1226; x_wconf 79' lang='lat' dir='ltr'>ac</span> <span class='ocrx_word' id='word_1_123' title='bbox 816 1202 1016 1234; x_wconf 71' lang='lat' dir='ltr'>superstitione,</span> <span class='ocrx_word' id='word_1_124' title='bbox 1024 1203 1107 1233; x_wconf 73' lang='lat' dir='ltr'>deque</span> <span class='ocrx_word' id='word_1_125' title='bbox 1118 1210 1180 1226; x_wconf 83' lang='lat' dir='ltr'>vero</span> <span class='ocrx_word' id='word_1_126' title='bbox 1194 1203 1301 1226; x_wconf 76' lang='lat' dir='ltr'>deorum</span> 
     </span>
     <span class='ocr_line' id='line_1_20' title="bbox 764 1245 845 1269; baseline 0 -1"><span class='ocrx_word' id='word_1_127' title='bbox 764 1245 845 1269; x_wconf 76' lang='lat' dir='ltr'>cultu.</span> 
     </span>
    </p>
   </div>
   <div class='ocr_carea' id='block_1_6' title="bbox 247 1295 1385 1789">
    <p class='ocr_par' dir='ltr' id='par_1_9' title="bbox 364 1295 1236 1345">
     <span class='ocr_line' id='line_1_21' title="bbox 364 1295 1236 1345; baseline -0.003 -9"><span class='ocrx_word' id='word_1_128' title='bbox 364 1295 488 1342; x_wconf 80' lang='lat' dir='ltr'>Hunc,</span> <span class='ocrx_word' id='word_1_129' title='bbox 504 1299 668 1342; x_wconf 86' lang='lat' dir='ltr'>Macrine,</span> <span class='ocrx_word' id='word_1_130' title='bbox 687 1299 779 1335; x_wconf 89' lang='lat' dir='ltr'>diem</span> <span class='ocrx_word' id='word_1_131' title='bbox 796 1310 940 1334; x_wconf 86' lang='lat' dir='ltr'>numera</span> <span class='ocrx_word' id='word_1_132' title='bbox 955 1298 1094 1334; x_wconf 85' lang='lat' dir='ltr'>meliore</span> <span class='ocrx_word' id='word_1_133' title='bbox 1108 1298 1236 1345; x_wconf 87' lang='lat' dir='ltr'>lapillo,</span> 
     </span>
    </p>

    <p class='ocr_par' dir='ltr' id='par_1_10' title="bbox 316 1349 1090 1397">
     <span class='ocr_line' id='line_1_22' title="bbox 316 1349 1090 1397; baseline -0.004 -12"><span class='ocrx_word' id='word_1_134' title='bbox 316 1351 379 1397; x_wconf 91' lang='lat' dir='ltr'>qui</span> <span class='ocrx_word' id='word_1_135' title='bbox 393 1350 456 1384; x_wconf 90' lang='lat' dir='ltr'>tibi</span> <span class='ocrx_word' id='word_1_136' title='bbox 469 1349 622 1385; x_wconf 81' lang='lat' dir='ltr'>labentes</span> <span class='ocrx_word' id='word_1_137' title='bbox 636 1350 776 1395; x_wconf 89' lang='lat' dir='ltr'>apponit</span> <span class='ocrx_word' id='word_1_138' title='bbox 790 1349 958 1384; x_wconf 88' lang='lat' dir='ltr'>candidus</span> <span class='ocrx_word' id='word_1_139' title='bbox 972 1359 1090 1383; x_wconf 88' lang='lat' dir='ltr'>annos.</span> 
     </span>
    </p>

    <p class='ocr_par' dir='ltr' id='par_1_11' title="bbox 316 1397 1268 1443">
     <span class='ocr_line' id='line_1_23' title="bbox 316 1397 1268 1443; baseline -0.004 -7"><span class='ocrx_word' id='word_1_140' title='bbox 316 1400 439 1436; x_wconf 90' lang='lat' dir='ltr'>Funde</span> <span class='ocrx_word' id='word_1_141' title='bbox 457 1410 593 1434; x_wconf 85' lang='lat' dir='ltr'>merum</span> <span class='ocrx_word' id='word_1_142' title='bbox 607 1399 726 1433; x_wconf 88' lang='lat' dir='ltr'>Genio.</span> <span class='ocrx_word' id='word_1_143' title='bbox 767 1399 843 1433; x_wconf 88' lang='lat' dir='ltr'>Non</span> <span class='ocrx_word' id='word_1_144' title='bbox 860 1403 899 1432; x_wconf 79' lang='lat' dir='ltr'>tu</span> <span class='ocrx_word' id='word_1_145' title='bbox 914 1408 1012 1443; x_wconf 83' lang='lat' dir='ltr'>prece</span> <span class='ocrx_word' id='word_1_146' title='bbox 1025 1397 1136 1443; x_wconf 85' lang='lat' dir='ltr'>poscis</span> <span class='ocrx_word' id='word_1_147' title='bbox 1149 1398 1268 1438; x_wconf 85' lang='lat' dir='ltr'>emaci,</span> 
     </span>
    </p>

    <p class='ocr_par' dir='ltr' id='par_1_12' title="bbox 318 1446 1164 1496">
     <span class='ocr_line' id='line_1_24' title="bbox 318 1446 1164 1496; baseline -0.004 -11"><span class='ocrx_word' id='word_1_148' title='bbox 318 1461 407 1496; x_wconf 91' lang='lat' dir='ltr'>quae</span> <span class='ocrx_word' id='word_1_149' title='bbox 421 1449 489 1483; x_wconf 88' lang='lat' dir='ltr'>nisi</span> <span class='ocrx_word' id='word_1_150' title='bbox 505 1448 654 1483; x_wconf 92' lang='lat' dir='ltr'>seductis</span> <span class='ocrx_word' id='word_1_151' title='bbox 669 1459 821 1493; x_wconf 83' lang='lat' dir='ltr'>nequeas</span> <span class='ocrx_word' id='word_1_152' title='bbox 837 1447 1047 1482; x_wconf 86' lang='lat' dir='ltr'>committere</span> <span class='ocrx_word' id='word_1_153' title='bbox 1060 1446 1164 1482; x_wconf 89' lang='lat' dir='ltr'>divis.</span> 
     </span>
    </p>

    <p class='ocr_par' dir='ltr' id='par_1_13' title="bbox 247 1496 1137 1544">
     <span class='ocr_line' id='line_1_25' title="bbox 247 1496 1137 1544; baseline -0.006 -8"><span class='ocrx_word' id='word_1_154' title='bbox 247 1509 261 1536; x_wconf 85' lang='lat'>5</span> <span class='ocrx_word' id='word_1_155' title='bbox 317 1499 465 1535; x_wconf 83' lang='lat' dir='ltr'>Athona</span> <span class='ocrx_word' id='word_1_156' title='bbox 479 1509 559 1544; x_wconf 91' lang='lat' dir='ltr'>pars</span> <span class='ocrx_word' id='word_1_157' title='bbox 572 1509 753 1543; x_wconf 88' lang='lat' dir='ltr'>procerum</span> <span class='ocrx_word' id='word_1_158' title='bbox 769 1497 867 1532; x_wconf 86' lang='lat' dir='ltr'>tacita</span> <span class='ocrx_word' id='word_1_159' title='bbox 882 1496 1000 1530; x_wconf 89' lang='lat' dir='ltr'>libabit</span> <span class='ocrx_word' id='word_1_160' title='bbox 1015 1507 1137 1531; x_wconf 87' lang='lat' dir='ltr'>acerra.</span> 
     </span>
    </p>

    <p class='ocr_par' dir='ltr' id='par_1_14' title="bbox 320 1543 1307 1642">
     <span class='ocr_line' id='line_1_26' title="bbox 320 1543 1307 1593; baseline -0.006 -9"><span class='ocrx_word' id='word_1_161' title='bbox 320 1548 420 1584; x_wconf 88' lang='lat' dir='ltr'>Haud</span> <span class='ocrx_word' id='word_1_162' title='bbox 439 1548 551 1583; x_wconf 86' lang='lat' dir='ltr'>cuivis</span> <span class='ocrx_word' id='word_1_163' title='bbox 576 1551 778 1593; x_wconf 88' lang='lat' dir='ltr'>promptum</span> <span class='ocrx_word' id='word_1_164' title='bbox 796 1552 864 1587; x_wconf 89' lang='lat' dir='ltr'>est,</span> <span class='ocrx_word' id='word_1_165' title='bbox 888 1556 1117 1591; x_wconf 89' lang='lat' dir='ltr'>murmurque</span> <span class='ocrx_word' id='word_1_166' title='bbox 1136 1543 1307 1581; x_wconf 80' lang='lat' dir='ltr'>humiles-</span> 
     </span>
     <span class='ocr_line' id='line_1_27' title="bbox 855 1605 1096 1642; baseline -0.004 -12"><span class='ocrx_word' id='word_1_167' title='bbox 855 1606 923 1642; x_wconf 89' lang='lat' dir='ltr'>que</span> <span class='ocrx_word' id='word_1_168' title='bbox 935 1605 1096 1629; x_wconf 86' lang='lat' dir='ltr'>susurros</span> 
     </span>
    </p>

    <p class='ocr_par' dir='ltr' id='par_1_15' title="bbox 321 1644 1385 1691">
     <span class='ocr_line' id='line_1_28' title="bbox 321 1644 1385 1691; baseline -0.004 -10"><span class='ocrx_word' id='word_1_169' title='bbox 321 1645 439 1682; x_wconf 85' lang='lat' dir='ltr'>tollere</span> <span class='ocrx_word' id='word_1_170' title='bbox 452 1645 495 1681; x_wconf 88' lang='lat' dir='ltr'>de</span> <span class='ocrx_word' id='word_1_171' title='bbox 511 1644 663 1691; x_wconf 84' lang='lat' dir='ltr'>templis,</span> <span class='ocrx_word' id='word_1_172' title='bbox 680 1649 713 1680; x_wconf 89' lang='lat' dir='ltr'>et</span> <span class='ocrx_word' id='word_1_173' title='bbox 727 1650 842 1690; x_wconf 88' lang='lat' dir='ltr'>aperto</span> <span class='ocrx_word' id='word_1_174' title='bbox 855 1645 970 1679; x_wconf 90' lang='lat' dir='ltr'>vivere</span> <span class='ocrx_word' id='word_1_175' title='bbox 983 1649 1070 1679; x_wconf 71' lang='lat' dir='ltr'>voto.</span> <span class='ocrx_word' id='word_1_176' title='bbox 1368 1646 1385 1665; x_wconf 66' lang='lat'>‘⁸</span> 
     </span>
    </p>

    <p class='ocr_par' dir='ltr' id='par_1_16' title="bbox 322 1691 1308 1789">
     <span class='ocr_line' id='line_1_29' title="bbox 322 1691 1308 1739; baseline -0.008 -6"><span class='ocrx_word' id='word_1_177' title='bbox 322 1697 420 1733; x_wconf 82' lang='lat' dir='ltr'>Mens</span> <span class='ocrx_word' id='word_1_178' title='bbox 434 1698 536 1736; x_wconf 83' lang='lat' dir='ltr'>bona,</span> <span class='ocrx_word' id='word_1_179' title='bbox 563 1698 674 1739; x_wconf 80' lang='lat' dir='ltr'>fama,</span> <span class='ocrx_word' id='word_1_180' title='bbox 709 1696 810 1738; x_wconf 80' lang='lat' dir='ltr'>fides!</span> <span class='ocrx_word' id='word_1_181' title='bbox 835 1695 918 1729; x_wconf 91' lang='lat' dir='ltr'>haec</span> <span class='ocrx_word' id='word_1_182' title='bbox 937 1693 1044 1735; x_wconf 88' lang='lat' dir='ltr'>clare,</span> <span class='ocrx_word' id='word_1_183' title='bbox 1074 1696 1106 1728; x_wconf 87' lang='lat' dir='ltr'>et</span> <span class='ocrx_word' id='word_1_184' title='bbox 1125 1697 1164 1727; x_wconf 90' lang='lat' dir='ltr'>ut</span> <span class='ocrx_word' id='word_1_185' title='bbox 1191 1691 1308 1726; x_wconf 85' lang='lat' dir='ltr'>audiat</span> 
     </span>
     <span class='ocr_line' id='line_1_30' title="bbox 857 1743 998 1789; baseline -0.014 -11"><span class='ocrx_word' id='word_1_186' title='bbox 857 1743 998 1789; x_wconf 88' lang='lat' dir='ltr'>hospes:</span> 
     </span>
    </p>
   </div>
   <div class='ocr_carea' id='block_1_7' title="bbox 1377 0 1406 1430">
    <p class='ocr_par' dir='ltr' id='par_1_17' title="bbox 1377 0 1406 1430">
     <span class='ocr_line' id='line_1_31' title="bbox 1377 0 1406 1430; baseline 0 0"><span class='ocrx_word' id='word_1_187' title='bbox 1377 0 1406 1430; x_wconf 95' lang='lat' dir='ltr'> </span> 
     </span>
    </p>
   </div>
  </div>
 </body>
</html>
