1406 2047
398 81 588 112 SATIRA
613 79 668 110 VI.
978 78 1020 112 79

41 151 129 185 Nam
143 150 174 185 si
187 147 362 185 constituit
375 146 545 192 solitoque
558 145 734 180 dec-entius
747 150 840 192 optat

40 199 166 240 ornari,
182 203 214 233 et
230 204 397 242 properat,
420 196 559 241 iamque
578 199 794 240 exspectatur
807 195 842 230 in
857 195 977 238 hortis,

41 253 99 283 aut
112 246 203 293 apud
217 246 341 280 Isiacae
354 245 468 290 potius
483 245 629 279 sacraria
644 244 758 288 lenae;

40 295 211 342 componit
226 295 357 329 crinem
372 294 524 328 laceratis
541 295 614 339 ipsa
627 293 761 339 capillis
1041 300 1091 330 490

39 344 132 381 nuda
146 344 309 378 humeros
324 344 445 378 Psecas
460 343 592 382 infelix,
610 343 785 388 nudisque
797 342 972 378 mamillis.

38 395 149 430 Altior
161 395 215 428 hic
229 405 336 437 quare
351 392 553 428 cincinnus?
580 393 710 426 Taurea
727 392 828 437 punit

39 442 200 477 continuo
214 441 291 477 ssexi
306 442 437 476 crimen
452 441 654 487 facinusque
666 440 795 486 capilli.

39 490 131 534 Quid
140 492 258 526 Psecas
271 490 436 526 admisit?
461 501 632 536 quaenam
640 489 858 535 esthicculpa
867 489 1013 536 puellae,

39 540 70 575 si
82 540 144 574 tibi
158 540 335 586 displicuit
352 551 458 574 nasus
473 539 577 574 tuus?
602 539 716 573 Altera
730 538 869 573 laevum
1041 545 1092 574 495

39 589 190 624 extendit
204 590 374 635 pectitque
384 599 498 623 comas
511 593 543 622 et
560 587 667 623 volvit
682 588 716 622 in
731 587 863 623 orbem.

38 638 100 673 Est
114 638 149 673 in
162 639 306 674 consilio
319 643 486 679 matrona,
504 637 710 683 admotaque
723 636 824 679 lanis,

38 688 177 722 emerita
191 699 280 734 quae
297 693 405 723 cessat
419 699 499 722 acu:
529 687 694 722 sententia
710 687 822 732 prima

39 736 146 771 huius
160 738 240 771 erit:
269 737 448 782 posthanc
461 742 567 771 aetate
581 742 683 782 atque
697 741 767 770 arte
781 736 932 771 minores

40 785 240 826 censebunt,
256 790 434 830 tamquam
449 784 557 818 famae
571 785 757 818 discrimen
773 791 894 830 agatur
1044 793 1092 820 500

40 839 100 868 aut
114 834 265 876 animae3
295 839 386 868 tanta
401 839 451 868 est
464 833 651 879 quaerendi
665 844 746 867 cura
760 833 904 868 decoris.

41 883 102 917 Tot
117 883 239 927 premit
251 882 444 924 ordinibus,
462 888 509 917 tot
523 883 636 917 adhuc
649 883 876 927 compagibus
891 882 1000 918 altum

40 931 194 966 aedificat
208 937 322 976 caput.
359 931 623 965 Andromachen
637 942 654 964 a
669 929 777 964 fronte
791 930 947 966 videbis:

40 985 117 1026 post
131 981 243 1015 minor
257 985 324 1015 est:
353 979 455 1014 aliam
469 979 600 1015 credas.
642 979 742 1020 Cedo,
761 979 790 1013 si
806 979 909 1016 breve
921 982 1019 1027 parvi

41 1030 158 1064 sortita
171 1035 222 1064 est
235 1029 347 1064 lateris
361 1030 524 1074 spatium,
542 1028 746 1074 breviorque
761 1028 896 1064 videtur
1043 1037 1092 1065 505

41 1079 177 1125 virgine
190 1079 372 1125 Pygmaea,
392 1078 497 1113 nullis
511 1078 626 1112 adiuta
643 1077 832 1119 cothurnis,

42 1132 74 1162 et
89 1127 175 1162 levis
190 1133 297 1162 erecta
309 1128 486 1174 consurgit
499 1127 541 1161 ad
554 1127 669 1161 oscula
686 1126 827 1172 planta?

91 1175 194 1210 Nulla
209 1176 273 1210 viri
287 1187 368 1209 cura
384 1177 520 1216 interea,
537 1187 598 1210 nec
614 1176 742 1210 mentio
754 1175 812 1210 fiet

41 1224 266 1259 damnorum:
295 1224 382 1258 vivit
396 1229 572 1270 tamquam
587 1224 699 1259 vicina
714 1225 848 1266 marito,

39 1273 105 1307 hoc
117 1271 189 1307 solo
201 1273 349 1318 propior,
366 1273 459 1319 quod
473 1274 600 1308 amicos
614 1274 772 1321 coniugis
785 1273 858 1308 odit
1042 1282 1092 1309 510

39 1326 72 1356 et
85 1332 214 1362 servos,
231 1322 348 1368 gravis
361 1327 412 1356 est
428 1323 631 1357 rationibus.
676 1323 763 1357 Ecce
776 1322 921 1357 furentis

38 1369 196 1405 Bellonae
210 1371 398 1416 matrisque
412 1372 520 1406 Deum
533 1372 659 1406 chorus
674 1372 776 1406 intrat
793 1377 825 1405 et
839 1372 962 1418 ingens

38 1419 193 1460 semivir,
211 1419 378 1453 obscoeno
392 1418 492 1453 facies
508 1419 691 1454 reverenda
706 1420 844 1461 minori,

39 1467 157 1502 mollia
169 1469 231 1514 qui
245 1473 343 1523 rupta
359 1469 466 1502 secuit
478 1468 638 1515 genitalia
652 1473 736 1502 testa

40 1517 110 1551 iam
123 1517 270 1562 pridem,
286 1518 342 1552 cui
359 1528 459 1552 iauca
473 1517 605 1557 cohors,
622 1518 677 1551 cui
690 1522 727 1572 t)
731 1528 856 1563 mpana
871 1517 998 1553 cedunt
1041 1525 1091 1553 515

40 1565 184 1611 plebeia,
202 1571 234 1601 et
247 1566 398 1613 Phrygia
412 1579 434 1601 v
437 1567 556 1601 estitur
569 1567 675 1601 bucca
689 1567 787 1601 tiara.

40 1614 178 1650 Grande
191 1620 288 1650 sonat
301 1616 478 1671 metuique
492 1616 584 1650 iubet·
597 1615 806 1661 Septembris
819 1621 852 1652 et
864 1603 982 1652 Austri

40 1663 240 1707 adventum,
257 1665 325 1700 nisi
339 1676 375 1700 se
388 1671 524 1700 centum
540 1664 734 1700 lustraverit
745 1666 822 1701 ovis

40 1717 73 1748 et
85 1713 337 1762 xerampelinas
350 1720 478 1751 veteres
495 1714 695 1751 donaverit
686 1714 765 1762 ipsi,
