1406 2047
236 129 269 156 80

235 376 268 403 85

235 623 268 650 90

234 872 266 898 95

236 1118 287 1145 100

239 1366 290 1393 105

309 53 351 87 56
657 57 940 87 IUVENALIS

308 122 523 168 temporibus
537 121 622 158 diris
636 123 813 158 tractanda
826 123 969 170 putabat
987 124 1111 160 inermi

310 172 451 207 iustitia.
493 173 595 209 Venit
609 178 641 208 et
654 173 768 218 Crispi
783 173 932 208 iucunda
950 179 1121 216 senectus,

306 221 408 256 cuius
422 227 518 257 erant
535 234 660 264 mores,
678 222 794 269 qualis
808 221 979 264 facundia,
1000 223 1084 259 mite

309 271 505 318 ingenium.
546 273 654 307 Maria
669 284 707 306 ac
722 277 828 306 terras
843 271 1059 318 populosque
1078 274 1209 320 regenti

308 321 389 367 quis
403 332 518 356 comes
531 321 662 363 utilior,
683 322 712 356 si
724 321 821 357 clade
837 327 869 355 et
882 327 976 366 peste
988 322 1054 357 sub
1069 321 1126 357 illa

307 370 487 405 saevitiam
503 370 670 405 damnare
686 376 718 406 et
731 371 917 405 honestum
932 370 1018 407 ferre
1031 371 1146 406 liceret

308 419 521 454 consilium?
546 419 614 455 Sed
627 420 715 467 quid
734 420 918 455 violentius
934 432 1015 456 aure
1032 421 1185 467 tyranni,

308 479 389 503 cum
403 480 474 515 quo
487 469 531 504 de
544 469 676 516 pluviis
691 475 752 505 aut
764 470 918 505 aestibus
932 475 992 505 aut
1004 470 1165 506 nimboso

309 529 388 553 vere
402 518 581 565 loquuturi
595 519 705 554 fatum
718 519 889 566 pendebat
903 518 1030 554 amici?

307 567 369 602 Ille
383 568 490 615 igitur
505 581 702 616 numquam
715 570 842 605 direxit
856 569 997 604 brachia
1011 574 1127 604 contra

307 622 511 662 torrentem3
542 630 604 654 nec
620 620 707 654 civis
721 624 804 660 erat,
822 620 883 665 qui
900 619 1005 653 libera
1022 623 1137 664 posset

306 666 413 702 verba
431 668 538 702 animi
552 667 713 714 proferre,
735 674 767 704 et
781 670 887 704 vitam
904 668 1103 714 impendere
1117 678 1212 703 vero.

307 716 363 750 Sic
377 716 505 752 multas
519 718 664 765 hyemes
679 725 783 764 atque
796 719 1004 764 octogesima
1019 717 1106 751 vidit

307 765 465 807 solstitia,
484 767 539 800 his
554 767 661 800 armis
677 767 734 800 illa
750 778 892 811 quoque
907 771 1003 799 tutus
1017 766 1052 798 in
1068 764 1159 798 aula.

306 815 495 849 Proximus
509 814 668 849 eiusdem
683 814 890 860 properabat
902 813 1036 848 Acilius
1053 813 1128 849 aevi

306 875 388 898 cum
404 864 542 904 iuvene,
565 864 721 911 indigno,
734 875 840 910 quem
854 874 948 898 mors
959 868 1029 898 tam
1039 874 1141 898 saeva
1150 869 1304 899 maneret

307 918 339 948 et
354 913 493 948 Domini
506 913 634 961 gladiis
649 919 719 948 tam
735 913 905 948 festinata.
940 912 1006 947 Sed
1019 912 1104 948 olim

308 963 469 1010 prodigio
482 975 545 1010 par
558 969 610 999 est
624 964 660 999 in
675 963 854 998 nobilitate
872 968 1044 998 senectus.

308 1012 406 1047 Unde
421 1013 470 1054 fit,
489 1018 528 1048 ut
542 1013 664 1048 malim
677 1013 882 1049 fraterculus
901 1025 976 1048 esse
990 1012 1189 1060 gigantum.

308 1061 440 1096 Profuit
456 1074 537 1109 ergo
552 1063 639 1098 nihil
657 1064 795 1106 misero,
810 1063 906 1109 quod
920 1063 1082 1098 cominus
1094 1073 1196 1098 ursos

309 1111 436 1158 figebat
450 1112 634 1153 Numidas,
654 1112 788 1147 Albana
803 1114 921 1148 nudus
937 1123 1040 1148 arena

309 1165 464 1196 venator.
510 1161 596 1203 Quis
610 1162 703 1196 enim
720 1162 789 1195 iam
805 1173 874 1195 non
892 1162 1062 1207 intelligat
1079 1166 1168 1196 artes

308 1209 496 1256 patricias?
522 1211 603 1256 quis
618 1211 772 1256 priscum
789 1209 877 1244 illud
892 1210 1037 1244 miretur
1050 1220 1209 1249 acumen,

309 1260 425 1300 Brute,
442 1260 567 1294 tuum‘?
592 1259 707 1294 Facile
721 1265 771 1294 est
785 1259 928 1301 barbato
943 1259 1121 1303 imponere
1139 1257 1223 1305 regi.

310 1309 381 1343 Nec
395 1308 516 1343 melior
530 1308 643 1350 vultu,
661 1309 825 1354 quamvis
840 1308 1018 1355 ignobilis,
1036 1307 1108 1341 ibat

310 1358 478 1398 Rubrius,
495 1357 643 1392 offensae
656 1358 782 1392 veteris
796 1369 874 1392 reus
890 1362 994 1402 atque
1006 1355 1180 1398 tacendae,

311 1413 343 1442 et
356 1412 471 1442 tamen
486 1407 678 1453 improbior
691 1407 832 1441 satiram
847 1407 1017 1441 scribente
1030 1405 1184 1441 cinaedo.

312 1457 467 1493 Montani
482 1468 625 1503 quoque
638 1461 757 1492 venter
770 1456 877 1498 adest,
896 1455 1081 1491 abdomine
1094 1455 1225 1498 tardus,

313 1511 346 1542 et
359 1507 530 1541 matutino
544 1507 675 1542 sudans
694 1506 878 1552 Crispinus
893 1516 1042 1547 amomo,

313 1561 487 1602 quantum
502 1557 563 1592 vix
578 1556 813 1591 redolentduo
825 1555 965 1600 funera3
995 1555 1128 1591 saevior
1142 1554 1202 1591 illo

242 1613 294 1641 110
314 1606 501 1652 Pompeius
516 1606 611 1641 tenui
631 1605 771 1653 iugulos
786 1607 919 1652 aperire
932 1616 1094 1649 susurr03

315 1661 359 1697 et,
380 1656 443 1702 qui
457 1655 659 1691 vulturibus
673 1656 832 1691 servabat
844 1657 976 1692 viscera
989 1655 1100 1696 Dacis,

316 1706 464 1748 Fuscus,
482 1717 675 1742 marmorea
689 1706 875 1742 meditatus
889 1705 1016 1754 proelia
1029 1703 1123 1747 villa,

1393 0 1403 57 —x
