1406 2047
460 143 652 173 SATIRA
675 144 702 173 1.
1029 141 1070 175 37

86 207 283 254 posteritas:
312 207 431 243 eadem
445 209 584 254 cupient
596 209 788 256 facientque
801 209 965 246 minores.

86 256 198 292 Omne
211 256 247 291 in
260 258 437 303 praecipiti
453 259 578 292 vitium
593 259 695 294 stetit.
737 259 835 294 Utere
850 258 936 294 velis
946 287 954 303 ,

86 310 171 340 totos
184 305 297 351 pande
310 307 420 342 sinus.
461 308 561 342 Dicas
580 308 638 343 bic
650 307 812 343 forsitan:
847 309 941 343 Unde

83 357 256 399 inqenium
266 366 336 399 par
349 360 514 392 materiae
528 356 602 392 est?
632 358 725 392 Unde
739 360 801 392 illa
813 361 974 401 priorum

84 406 266 445 scribendi,
283 409 515 451 quodcumque
529 410 645 441 animo
658 409 826 451 flaqrante
842 409 959 442 liberet

83 455 298 497 simplicitas,
315 459 412 490 cuius
425 468 492 490 non
509 459 618 491 audeo
628 459 741 491 dicere
753 455 899 491 nomen?

87 501 178 544 Quid
192 507 306 548 refert,
322 508 423 539 dictis
437 509 591 549 iqnoscat
603 506 752 545 Mucius,
768 516 814 539 an
828 504 922 540 non?

82 551 172 586 Pone
187 553 408 598 Tiyellinum:
437 557 537 589 taeda
552 556 677 588 lucebis
690 557 727 588 in
740 555 816 595 illa,

84 611 152 644 qua
165 607 294 638 stantes
306 605 439 643 ardent,
456 606 516 647 qui
528 606 600 647 fixo
611 609 748 647 quiture
761 606 906 647 fumant,

84 655 115 684 et
129 652 236 685 latum
247 655 359 687 media
371 653 503 686 sulcum
517 655 652 686 diducis
665 663 783 687 arena.

83 697 175 740 »Qui
191 699 285 736 dedit
297 711 379 748 ergo
391 701 503 736 tribus
517 702 649 747 patruis
662 701 807 742 aconita,
820 700 967 736 vehatur

84 748 279 792 pensilibus
292 750 424 794 plumis
439 756 542 795 atque
557 750 654 784 illinc
666 750 832 795 despiciat
846 749 957 784 nos?«

89 795 200 838 Quum
214 801 322 831 veniet
335 804 465 837 contra,
481 801 587 840 diqito
602 809 768 840 compesce
783 800 951 832 labellum.

86 851 269 880 accusator
282 849 358 885 erit,
375 849 434 889 qui
445 848 581 879 verbum
597 848 746 880 dixerit:
772 847 853 881 Hic
873 847 951 881 est!

87 892 236 929 Securus
250 897 327 929 licet
338 896 485 928 Aeneam
498 895 724 939 Rutulumque
739 899 883 939 ferocem

88 947 295 978 committas:
322 945 411 977 nulli
423 947 540 988 qravis
555 949 603 978 est
612 955 796 987 percussus
808 946 967 984 Achilles,

86 998 147 1027 aut
160 995 302 1028 multum
317 996 490 1036 quaesitus
504 993 613 1036 Hylas
627 1004 816 1038 urnamque
829 999 1001 1038 sequutus.

86 1042 175 1076 Ense
187 1045 276 1078 velut
289 1045 409 1077 stricto
423 1046 552 1087 quoties
565 1043 720 1077 Lucilius
733 1045 858 1077 ardens

87 1094 274 1135 infremuit,
289 1093 386 1126 rubet
400 1095 550 1132 auditor,
568 1095 624 1126 cui
636 1094 766 1136 sriqida-
780 1101 872 1126 mens
890 1096 939 1125 est

88 1143 305 1183 criminibus,·
332 1144 437 1174 tacita
453 1144 579 1174 sudant
587 1143 796 1182 praecordia
812 1142 928 1184 culpa.

86 1190 170 1224 Inde
183 1193 257 1223 irae
270 1193 302 1222 et
315 1189 503 1222 lacrumae.
560 1189 681 1222 Tecum
690 1192 792 1232 prius
806 1200 886 1234 erqo
899 1190 1017 1225 voluta

85 1240 166 1272 haec
180 1240 295 1272 animo
310 1242 389 1270 ante
404 1239 514 1272 tubas.
558 1236 738 1272 Galeatum
754 1250 830 1273 sero
844 1240 951 1273 duelli

81 1289 241 1332 poenitet.
256 1305 306 1311 —-
317 1285 520 1331 »Experian
537 1287 625 1332 quid
638 1287 843 1322 concedatur
857 1288 893 1322 in
908 1286 997 1327 illos,

85 1347 238 1383 quorum
251 1333 424 1372 Flaminia
436 1336 565 1383 tegitur
577 1336 666 1371 cinis
681 1342 785 1383 atque
799 1337 933 1372 Latina.
943 1350 960 1369 α

374 1521 685 1560 SATIRA
728 1521 780 1558 11.

87 1630 144 1655 AR
154 1629 188 1655 G.
213 1630 256 1655 De
267 1629 420 1662 hypocr-isia
438 1631 502 1661 agit,
517 1630 600 1663 deque
617 1638 678 1654 suae
692 1629 786 1654 aetatis
797 1628 935 1654 hominum
948 1629 1079 1654 lubidini-

312 1671 361 1696 bus
373 1672 576 1701 scelestissimis,
588 1676 613 1696 et
623 1671 735 1696 mollitie
748 1679 856 1695 summa.

139 1719 244 1762 Ultra
260 1726 481 1762 Sauromatas
495 1726 614 1774 fugere
631 1726 713 1762 hinc
725 1725 809 1761 libet
821 1731 854 1761 et
869 1723 1051 1773 glacialem

89 1785 271 1820 oceanum,
288 1777 423 1824 quoties
441 1776 576 1824 aliquid
588 1776 630 1812 de
646 1776 804 1812 moribus
819 1775 959 1816 audent,

1094 316 1143 343 150

1096 560 1146 588 155

1097 804 1147 832 160

1096 1048 1148 1076 165

1096 1293 1148 1321 170
