1406 2047
434 344 491 388 D.
534 346 748 389 IUNII
794 347 1245 393 IUVENALIS

703 467 983 501 AonlNATIS

591 572 995 622 SATIRA
1062 577 1097 623 Ι.

340 706 438 731 ARG.
452 705 574 737 Exponit
587 710 663 737 poeta
678 707 709 730 de
722 715 759 734 ee,
773 706 857 739 deque
871 715 917 731 nuo
929 707 1023 734 utiru
1037 708 1171 734 scribendi
1181 709 1302 737 consilio,
1312 713 1335 732 ει

401 747 525 776 ostendit,
547 748 644 778 largam
654 747 733 770 huius
747 747 784 770 rei
799 756 810 771 a
824 750 926 773 coaevis
939 751 988 775 sibi
1003 751 1123 783 praeberi
1139 751 1288 776 materiemz
1308 751 1334 774 in

402 788 454 813 fine
468 789 552 817 addit,
567 798 593 812 »e
606 798 659 812 nou
672 789 702 812 de
716 788 796 817 vivis,
809 790 853 813 scd
867 791 897 813 de
911 792 1022 815 mortui.
1036 800 1090 815 ene
1104 792 1274 821 scripturum.

402 858 553 911 Semper
570 874 634 912 ego
653 862 790 899 auditor
808 863 970 899 tantum?
994 876 1223 913 nunquamne
1240 876 1338 912 repo-

884 925 964 948 nam

351 966 498 997 vexatus
515 962 615 997 toties
629 962 725 996 rauci
743 961 912 997 Tbeseide
926 942 1054 998 Co'dri‘?

350 1012 498 1057 Impune
511 1023 592 1059 ergo
606 1012 693 1046 mihi
708 1012 899 1046 recitaverit
913 1012 970 1047 ille
986 1018 1129 1060 togatas,

351 1060 407 1094 hic
421 1060 560 1108 elegos?
585 1062 730 1107 impune
744 1061 837 1096 diem
852 1062 1083 1097 consumserit
1096 1062 1221 1109 ingens

279 1117 294 1143 5
350 1108 534 1154 Telephus,
552 1115 611 1146 aut
624 1111 754 1146 summi
769 1110 870 1157 plena
885 1111 954 1146 iam
969 1112 1126 1159 margine
1140 1111 1220 1146 libri

351 1159 499 1204 scriptus
516 1164 548 1193 et
563 1160 598 1194 in
613 1164 708 1206 tergo
723 1160 872 1194 necdum
888 1160 1007 1195 finitus
1022 1159 1185 1196 Orestes?

403 1209 490 1243 Nota
504 1208 617 1254 magis
632 1207 719 1243 nulli
734 1208 859 1242 domus
874 1214 925 1243 est
936 1220 1010 1250 sua,
1023 1221 1128 1255 quam
1138 1208 1225 1244 mihi
1239 1208 1339 1244 lucus

353 1257 472 1293 Martis
486 1262 518 1292 et
532 1257 660 1292 Aeoliis
679 1257 834 1292 vicinum
853 1258 1000 1303 rupibus
1015 1263 1153 1292 antrum

353 1306 513 1342 Vulcani.
554 1305 646 1348 Quid
660 1312 764 1354 agant
775 1307 881 1347 venti,
899 1318 987 1353 quas
1000 1311 1157 1353 torqueat
1169 1306 1312 1342 umbras

281 1363 314 1390 10
352 1355 498 1396 Aeacus,
517 1355 609 1390 unde
624 1355 713 1390 alius
728 1355 874 1391 furtivae
889 1356 1034 1391 devehat
1047 1367 1171 1393 aurum

352 1403 545 1451 pelliculae,
562 1409 710 1450 quantas
725 1404 892 1440 iaculetur
905 1405 1097 1453 Monychus
1111 1415 1225 1447 ornos,

355 1454 540 1490 Frontonis
552 1453 683 1500 platani
699 1453 937 1500 convulsaque
953 1466 1122 1490 marmora
1135 1454 1284 1490 clamant

355 1514 493 1549 semper
506 1508 538 1538 et
556 1503 697 1539 assiduo
711 1508 831 1550 ruptae
850 1503 970 1539 lectore
983 1504 1172 1540 columnae.

355 1553 543 1598 Exspectes
557 1552 676 1587 eadem
691 1565 707 1588 a
722 1564 862 1588 summo
876 1554 1090 1600 minimoque
1104 1553 1218 1600 poeta!

282 1610 315 1636 15
354 1602 398 1637 Et
411 1613 474 1636 nos
487 1613 569 1648 ergo
584 1613 729 1637 manum
743 1602 872 1637 serulae
885 1603 1132 1644 subduximus,
1150 1608 1182 1638 et
1196 1613 1258 1638 nos

356 1651 541 1687 consilium
560 1651 722 1686 dedimus
737 1651 865 1693 Sullae,
882 1653 1037 1699 privatus
1051 1658 1090 1688 ut
1103 1652 1210 1687 altum

356 1701 534 1736 dormiret.
576 1700 685 1736 Stulta
701 1706 751 1737 est
764 1701 954 1744 clementia,
971 1713 1081 1749 quum
1101 1707 1148 1737 tot
1162 1702 1294 1749 ubique

358 1750 498 1785 vatibus
515 1761 685 1791 occurras,
702 1752 874 1798 periturae
887 1763 1024 1798 parcere
1036 1752 1185 1787 chartae.
