1406 2047
413 161 603 190 SATIRA
628 160 685 190 VI.
1003 156 1045 189 69

59 228 214 265 crinibus
227 225 345 262 effusis
359 225 490 262 bellum
505 226 687 262 dirimente
699 224 845 261 Sabina:

60 278 148 325 (rara
162 276 236 311 avis
251 276 286 311 in
300 277 410 318 terris,
430 277 600 323 nigroque
612 274 791 310 simillima
802 274 921 322 cycno)
1069 280 1119 308 165

60 327 140 374 quis
153 324 236 360 feret
251 336 406 366 uxorem,
427 326 482 360 cui
497 330 653 360 constant
665 323 805 360 omnia?
831 323 933 366 Malo,

63 374 156 411 malo
171 375 398 415 Venusinam,
417 386 523 421 quani
539 380 581 415 te,
598 373 755 409 Cornelia
770 378 879 408 mater

62 424 309 465 Gracchorum,
328 425 358 458 si
373 435 451 458 cum
469 425 606 471 magnis
621 423 808 458 virtutibus
826 422 925 457 ass'ers

60 473 190 521 grande
203 473 440 519 supercilium,
457 479 488 508 et
504 485 666 508 numeras
681 473 717 508 in
731 473 808 507 dote
821 471 1026 516 triumphos.

61 522 156 559 Tolle
169 528 282 564 tuum,
298 533 428 569 precor,
452 521 681 557 Hannibalem
694 522 897 567 victumque
910 519 1047 567 Sypha-

592 581 667 605 cem
1072 575 1123 602 170

61 620 99 657 in
113 620 247 662 castris,
263 626 388 655 etcum
402 624 470 655 tota
485 619 692 666 Carthagine
705 619 832 665 migra.

110 671 228 710 Parce,
245 681 380 713 precor,
404 670 529 710 Paean,
545 675 575 703 et
591 675 638 709 tu,
655 669 738 708 Dea,
749 679 838 712 pone
851 671 1016 712 snye'ttas:

61 721 112 754 nil
121 723 222 763 pueri
235 723 380 763 faciunt,
397 722 507 762 ipsam
522 720 676 762 conligite
690 718 852 751 matrem!

63 767 240 812 Amphion
254 767 396 800 clamat:
425 767 486 800 sed
501 768 610 800 Paean
625 765 796 800 contrahit
810 775 940 799 arcum.

63 815 198 851 Extulit
212 825 293 861 ergo
309 825 451 860 gregem
465 818 625 848 natorum
640 814 828 858 ipsumque
841 818 1031 859 parentem,
1075 820 1126 848 175

64 864 151 899 dum
165 864 233 898 sibi
249 863 396 898 nobilior
410 863 559 897 Latonae
576 868 677 909 gente
692 862 829 896 videtur

65 919 168 959 atque
181 912 300 948 eadem
314 911 423 946 scrofa
441 912 550 946 Niobe
565 911 740 946 fecundior
753 910 844 946 alba.

67 961 162 1005 Quae
176 962 260 996 tanti
275 961 439 1008 gravitas,
457 972 546 1007 quae
560 960 680 1001 forma,
696 966 735 995 ut
748 971 784 995 se
799 959 863 994 tibi
878 970 1013 1005 semper

66 1010 237 1056 imputet?
262 1011 374 1046 Huius
387 1011 481 1045 enim
496 1011 564 1045 rari
581 1010 785 1056 summique
798 1008 959 1054 voluptas

66 1060 162 1096 nulla
178 1060 272 1101 boni,
289 1060 422 1106 quoties
437 1060 553 1094 animo
567 1064 724 1105 corrupta
737 1057 888 1104 superbo
1075 1064 1126 1092 180

66 1109 147 1156 plus
161 1108 264 1150 aloes,
282 1120 395 1155 quam·
405 1109 516 1144 mellis
530 1109 645 1143 habet.
690 1109 776 1150 Quis
790 1106 929 1141 deditus
943 1111 1059 1140 autem

66 1168 179 1204 usque
192 1158 275 1193 adeo
289 1163 350 1198 est,
368 1163 406 1192 ut
423 1168 492 1192 non
508 1157 615 1198 illam,
632 1168 739 1202 quam
754 1155 918 1190 laudibus
933 1154 1040 1197 effert,

66 1207 212 1246 horreat,
232 1207 339 1250 inque
350 1205 423 1239 dies
437 1206 588 1250 septenis
601 1205 709 1240 oderit
723 1205 818 1240 horis
827 1203 844 1238 ἱ)

115 1253 292 1297 Quaedam
305 1264 412 1299 parva
426 1254 582 1299 quidem,
593 1255 653 1290 sed
661 1266 730 1290 non
739 1252 915 1289 toleranda
923 1254 1070 1288 maritis.

66 1303 155 1338 Nam
169 1302 256 1349 quid
271 1302 458 1343 rancidius,
475 1314 584 1348 quam
598 1302 694 1348 quod
706 1313 743 1337 se
757 1313 826 1337 non
840 1307 939 1347 putat
952 1301 1024 1337 ulla
1075 1308 1127 1336 185

65 1352 266 1392 formosam,
283 1351 352 1385 nisi
365 1363 455 1397 quae
467 1351 509 1386 de
524 1352 636 1385 Tusca
651 1350 818 1386 Graecula
831 1350 918 1385 facta
931 1350 1006 1386 est?

67 1402 110 1437 de
127 1400 351 1436 Sulmonensi
365 1411 459 1434 mera
472 1399 656 1445 Cecropis?
682 1399 809 1434 Omnia
825 1399 966 1442 Graece,

67 1462 180 1497 quum
196 1450 239 1485 sit
253 1455 354 1495 turpe
369 1449 480 1495 magis
496 1449 635 1489 nostris,
653 1449 785 1483 nescire
798 1449 932 1483 Latine.

66 1501 138 1536 Hoc
151 1510 308 1535 sermone
324 1503 463 1544 pavent,
480 1498 544 1533 hoc
559 1499 657 1538 iram,
673 1497 814 1544 gaudia,
829 1508 944 1539 curas,

67 1550 133 1585 hoc
144 1554 266 1584 cuncta
280 1547 464 1583 effundunt
477 1547 585 1582 animi
599 1553 735 1582 secreta.
762 1546 854 1589 Quid
869 1545 986 1581 ultra‘?
1076 1552 1126 1581 190

67 1598 304 1634 concumbunt
319 1597 456 1632 Graece.
496 1598 608 1632 Dones
622 1601 735 1631 tamen
753 1596 817 1630 ista
831 1595 978 1642 puellis:

69 1653 153 1684 tune
167 1648 283 1688 etiam,
300 1658 408 1693 quam
422 1652 541 1682 sextus
555 1651 587 1681 et
599 1646 830 1693 octogesimus
844 1656 958 1680 annus

70 1697 198 1744 pulsat,
215 1697 330 1733 adhuc
343 1695 496 1731 Graece?
522 1697 599 1732 Non
611 1701 662 1731 est
674 1695 730 1731 hic
743 1705 857 1730 sermo
871 1694 1021 1741 pudicus

70 1747 108 1782 in
121 1744 245 1782 vetula.
286 1745 426 1787 Quoties
445 1744 614 1780 lascivum
627 1743 811 1780 intervenit
826 1743 915 1780 illud

70 1799 178 1832 ZJZH
185 1800 278 1832 ΚΑΙ
298 1793 457 1832 assy-KH?
482 1793 584 1831 Modo
599 1794 667 1830 sub
679 1793 788 1830 lodice
801 1793 929 1830 relictis
1075 1799 1126 1827 195
