1406 2047
329 136 371 169 74
677 139 956 170 IUVENALIS

330 206 427 241 Tunc
451 205 595 254 prurigo
613 217 729 241 morae
749 206 949 253 impatiens,
972 213 1055 242 tunc
1077 205 1205 243 semina
1228 207 1314 243 sim-

890 256 955 298 lex,

329 308 363 338 et
375 308 443 338 toto
457 304 584 350 pariter
598 304 760 350 repetitus
773 267 902 339 clanagr
916 305 959 340 ab
973 309 1086 340 antro:

330 353 404 387 Iam
420 357 475 397 sas
488 359 554 396 est;
580 356 720 388 admitte
733 355 844 389 viros!
870 354 1035 389 Dormitat
1049 353 1199 398 adulter3

258 408 309 435 330
330 401 387 435 illa
402 402 497 436 iubet
510 407 626 436 sumto
641 403 802 437 iuvenem
816 414 997 450 properare
1009 402 1155 438 cucullo.

328 450 365 485 Si
381 450 468 485 nihil
483 457 545 493 est,
563 451 672 486 servis
690 452 886 487 incurritur.
931 451 1122 487 Abstuleris
1135 463 1232 498 spem

328 511 522 542 servorum,
540 501 654 535 veniet
666 501 857 537 conductus
871 502 1049 548 aquarius.
1090 501 1151 535 Hie
1164 501 1193 535 si

329 549 508 595 quaeritur
521 555 552 584 et
565 550 691 585 desunt
705 550 882 594 homines3
912 563 1007 586 mora
1017 549 1111 585 nulla
1120 550 1309 596 peripsam.

328 609 399 643 quo
418 599 535 632 minus
554 599 715 644 imposito
733 599 870 634 clunem
885 599 1064 634 submittat
1079 599 1192 634 asello.

258 652 308 680 335
329 647 443 692 Atque
457 648 588 682 utinam
604 648 689 682 ritus
705 654 834 683 veteres
849 654 879 683 et
894 648 1031 694 publica
1045 647 1166 683 saltem

329 695 385 730 his
400 697 523 731 intacta
538 696 639 731 malis
653 704 836 744 agerentur
850 709 963 732 sacra:
993 697 1053 731 sed
1065 708 1186 732 omnes

330 751 501 779 noverunt
515 747 625 780 Mauri
642 752 745 790 atque
763 747 851 785 Indi,
868 758 958 791 quae
976 745 1115 790 psaltria
1131 755 1252 789 penem

330 794 508 834 maiorem,
526 805 631 839 quam
649 799 731 827 sunt
747 794 816 828 duo
829 794 985 829 Caesaris
1000 793 1231 834 Anticatones,

331 842 425 882 illuc,
443 842 590 877 testiculi
606 842 672 877 sibi
687 843 846 877 conscius
860 843 953 877 unde
968 841 1056 889 fugit
1068 853 1161 884 mus,

259 895 310 925 340
331 891 497 933 intulerit,
513 891 574 926 ubi
589 891 694 926 velari
709 893 841 938 pictura
857 892 1007 933 iubetur,

330 951 573 986 quaecumque
587 941 727 976 alterius
742 954 846 976 sexus
866 943 994 976 imitata
1011 940 1159 987 figuram
1172 945 1235 974 est.

330 989 373 1024 Et
387 990 468 1035 quis
481 989 755 1024 tunchominum
764 995 952 1025 contemtor
961 988 1142 1024 numinis?
1168 994 1226 1024 aut
1236 989 1316 1036 quis

329 1039 548 1083 simpuvium
563 1039 673 1073 ridere
687 1039 832 1080 Numae,
851 1040 1063 1087 nigrumque
1076 1038 1242 1081 catinum,

329 1092 362 1122 et
376 1088 537 1123 Vaticano
551 1087 689 1135 fragiles
708 1088 749 1123 de
763 1094 879 1124 monte
895 1088 1037 1135 patellas

259 1140 311 1170 345
331 1148 439 1172 ausus
453 1137 544 1170 erat‘?
570 1137 636 1171 Sed
651 1149 745 1172 nunc
758 1138 801 1172 ad
818 1150 906 1184 quas
920 1150 988 1173 non
1003 1137 1144 1173 Clodius
1159 1136 1258 1172 aras‘?

380 1184 506 1226 Audio,
524 1186 609 1231 quid
626 1191 756 1221 veteres
769 1187 850 1220 olim
867 1187 1033 1222 moneatis
1048 1187 1168 1220 amici:

331 1236 418 1270 Pone
430 1246 541 1269 seram
548 1248 559 1278 ;
588 1237 712 1270 cohibe.
753 1235 820 1269 Sed
833 1236 913 1281 quis
927 1235 1094 1270 custodiet
1108 1235 1201 1279 ipsos

330 1283 514 1320 custodes?
539 1284 645 1319 Cauta
660 1289 721 1325 est,
740 1290 771 1319 et
785 1285 827 1319 ab
843 1285 911 1319 illis
931 1284 1049 1329 incipit
1062 1293 1163 1317 uxor.

381 1333 525 1378 Iamque
538 1333 656 1367 eadem
664 1335 813 1367 summis
826 1335 949 1379 pariter
958 1330 1312 1378 minimisquelibido,

261 1389 310 1417 350
331 1393 394 1417 nec
407 1382 539 1422 melior,
557 1381 688 1416 silicem
707 1382 855 1427 pedibus
869 1394 959 1429 quae
973 1381 1114 1417 conterit
1127 1385 1252 1423 atrum,

331 1443 438 1478 quam
455 1442 544 1477 quae
559 1430 741 1477 longorum
755 1432 894 1467 vehitur
907 1432 1037 1467 cervice
1054 1430 1231 1478 Syrorum.

382 1481 426 1515 Ut
440 1486 566 1525 spectet
581 1480 693 1522 ludos,
711 1481 871 1516 conducit
885 1481 1034 1529 Ogulnia
1052 1485 1196 1521 vestem,

333 1530 494 1564 conducit
507 1530 660 1571 comites,
676 1530 810 1572 sellam,
827 1530 982 1572 cervical,
1005 1529 1143 1570 amicas,

333 1579 516 1619 nutricem,
533 1584 565 1614 et
578 1578 715 1620 flavam,
733 1580 787 1614 cui
803 1580 859 1615 det
873 1580 1044 1622 mandata,
1060 1576 1224 1624 puellam.

263 1635 312 1662 355
331 1628 420 1663 Haec
435 1633 561 1669 tamen,
590 1629 721 1675 argenti
736 1635 893 1675 superest
912 1629 1156 1676 quodcumque
1169 1626 1314 1673 paterni,

335 1676 472 1712 levibus
491 1677 638 1718 athletis,
657 1689 695 1712 ac
709 1690 790 1713 vasa
809 1680 1010 1720 novissima,
1027 1677 1143 1712 donat.

332 1726 452 1761 Multis
467 1737 520 1761 res
535 1732 681 1773 angusta
696 1727 790 1762 domi
808 1735 876 1764 est:
905 1728 965 1763 sed
980 1726 1075 1762 nulla
1090 1724 1257 1771 pudorem

334 1777 544 1821 paupertatis
559 1775 673 1817 habet,
691 1788 752 1812 nec
765 1788 803 1812 se
818 1778 958 1813 metitur
973 1776 1016 1812 ad
1030 1775 1131 1811 illum
