1406 2047
471 111 662 140 SATIRA
692 110 733 139 11.
1052 107 1086 138 Η

107 178 164 214 illa
180 179 246 214 sibi
261 178 449 212 introrsum
463 182 494 212 et
509 176 710 223 sublingua
724 179 937 210 murmurat:
969 174 998 211 Ο
1014 179 1044 211 si

106 231 225 264 ebullet
235 231 357 271 patrui
367 229 588 271 praeclarum
601 227 722 271 sunus!
747 230 790 266 et,
809 225 880 260 Osi
1131 231 1164 258 10

104 280 165 313 sub
181 283 296 311 rastro
311 283 421 320 crepet
435 280 570 321 amenti
583 279 664 311 mihi
676 278 780 315 seria,
795 277 919 308 dextro

104 327 270 360 Hercule!
294 328 506 370 pupillumve
519 330 662 367 utinam,
684 336 781 369 quem
790 326 975 368 proximus
988 323 1083 357 heres

103 376 250 418 impello,
270 376 483 419 eoepunqam!
510 376 664 417 Namque
679 380 727 406 est
739 375 924 413 scabiosus,
942 378 973 406 et
986 375 1063 407 acri

104 425 169 457 bile
188 429 302 457 tumet.
316 443 366 449 —
383 425 489 459 Nerio
504 427 573 458 iam
587 426 689 457 tertia
704 424 861 456 conditur
874 422 985 455 uxor!

104 472 194 506 Haec
210 477 326 506 sancte
340 477 379 507 ut
393 484 526 517 poscaS,
545 471 706 506 Tiberino
720 471 755 504 in
769 470 908 516 gurgite
926 469 1055 516 mergis
1132 476 1164 503 15

105 532 207 556 mane
221 526 323 567 caput
338 521 393 556 bis
407 526 537 567 terque,
556 526 588 555 et
601 525 735 555 noctem
751 518 895 553 flumine
910 529 1053 564 purgas.
1069 538 1117 544 ——

104 570 196 606 Heus
211 581 285 617 age,
302 570 490 616 responde:
506 590 555 595 —
569 569 758 604 minimum
773 572 834 609 est,
847 567 1093 614 quodscirela-

638 618 734 659 boro,
751 637 801 643 —-

104 667 146 703 de
160 668 239 703 Iove
251 667 339 714 quid
353 667 485 703 sentis‘?
510 668 616 703 Estne
630 673 669 702 ut
683 677 892 713 praeponere
905 676 1006 701 cures

103 717 198 753 hunc
215 717 405 765 cuiquam?
417 738 467 745 —-
496 716 666 753 caenam?
689 737 739 742 --
764 717 826 751 Vis
841 715 956 750 Staio‘?
969 735 1018 742 —-
1037 715 1092 751 An

640 765 769 801 scilicet
784 766 918 806 haeres,

105 814 186 860 quis
200 815 310 860 potior
326 814 444 856 iudex,
462 816 623 860 puerisve
637 815 717 860 quis
729 815 833 859 aptior
843 813 959 848 orbis?
972 834 1021 840 —
1132 820 1165 847 20

105 864 176 898 Hoc
190 864 308 910 igitur,
330 874 400 909 quo
414 869 453 898 tu
467 864 556 898 Iovis
573 874 692 897 aurem
708 862 884 908 impellere
899 867 1022 903 tentas,

105 912 161 947 dio
175 912 325 959 agedum
339 913 432 947 Staio
449 933 498 938 —
512 913 600 947 »Pro
614 912 759 958 Iupiter!
788 923 808 946 o
826 911 949 952 bone«,
966 911 1100 953 clamet,

106 962 260 1007 »Iupiter
270 962 276 996 1
287 976 303 995 «
316 982 364 988 ——
377 962 421 996 At
435 973 509 997 sese
527 973 596 997 non
610 961 733 996 clamet
747 961 876 1006 Iupiter
890 960 988 1006 ipse‘?

105 1012 285 1058 ignovisse
298 1017 412 1057 putas,
429 1013 525 1058 quia,
541 1023 652 1058 quum
666 1016 771 1051 tonat,
789 1010 884 1044 ocius
899 1009 969 1044 ilex

105 1059 239 1095 sulfure
252 1060 437 1096 discutitur
453 1072 560 1103 sacro,
577 1072 684 1107 quam
698 1065 806 1106 tuque
819 1058 1040 1105 domusque?
1131 1066 1164 1093 25

106 1121 149 1144 an
164 1110 247 1155 quia
266 1121 335 1145 non
351 1110 448 1144 fibris
463 1111 583 1145 ovium
598 1111 829 1157 Ergennaque
842 1108 982 1144 iubente

105 1160 201 1193 triste
216 1159 304 1193 iaces
318 1159 406 1192 lucis
419 1159 693 1205 evitandumque
706 1157 871 1201 bidental,

105 1208 232 1242 idcirco
245 1206 391 1242 solidam
405 1208 545 1253 praebet
557 1208 620 1243 tibi
638 1207 765 1243 vellere
776 1207 922 1242 barbam

104 1255 311 1302 Iupiter‘?—
323 1256 393 1291 Aut
407 1257 577 1302 quidnam
593 1262 655 1298 est,
675 1269 746 1303 qua
758 1262 795 1292 tu
803 1255 1109 1292 mercededeorum

105 1306 231 1341 emeris
240 1305 414 1341 auriculas
424 1305 442 1340 ‘2
452 1307 677 1342 —Pulmone
691 1312 723 1341 et
731 1306 878 1341 lactibus
896 1305 1034 1343 unctis?
1132 1312 1165 1339 30

154 1356 242 1390 Ecce
257 1355 346 1398 avia,
363 1360 422 1390 aut
435 1361 597 1391 metuens
614 1356 738 1391 divum
754 1361 945 1397 matertera,
967 1355 1068 1391 cunis

105 1405 233 1440 exemit
247 1415 409 1450 puerum,
426 1403 645 1451 frontemque
660 1411 764 1451 atque
779 1405 849 1439 uda
864 1404 988 1440 labella

104 1453 228 1489 infami
241 1453 350 1501 digito
362 1458 394 1488 et
407 1453 612 1488 lustralibus
627 1459 704 1488 ante
717 1453 838 1488 salivis

105 1504 232 1550 expiat,
252 1508 391 1538 urentes
405 1503 521 1538 oculos
536 1503 693 1538 inhibere
705 1504 827 1549 perita.

106 1553 205 1588 Tunc
218 1553 382 1587 manibus
396 1553 518 1599 quatit,
531 1557 563 1587 et
576 1564 674 1598 spem
687 1563 839 1587 macram
854 1550 1011 1598 supplice
1019 1556 1097 1588 voto
1135 1558 1168 1587 35

107 1614 203 1638 nunc
216 1602 329 1637 Licini
347 1602 383 1636 in
398 1613 551 1647 campos,
569 1613 665 1637 nunc
678 1602 794 1637 Crassi
808 1602 914 1636 mittit
927 1602 964 1636 in
978 1601 1091 1637 aedes.

107 1652 232 1686 »Hunc
246 1655 363 1697 optent
376 1662 545 1698 generum
564 1663 622 1686 rex
642 1656 674 1686 et
687 1651 825 1698 regina!
853 1650 990 1695 puellae

107 1700 204 1735 hunc
217 1700 369 1746 rapiant!
399 1700 576 1745 quidquid
589 1699 771 1733 calcaverit
783 1699 851 1740 hic,
869 1710 947 1734 rosa
961 1699 1019 1734 fiat
1030 1699 1038 1733 1
1048 1712 1064 1733 α

108 1749 199 1785 Haec
212 1760 275 1798 ego
289 1749 415 1785 nutrici
432 1759 501 1784 non
516 1747 644 1784 mando
656 1753 753 1784 vota:
782 1752 916 1796 negato,
