1406 2047
364 97 427 131 ¹128
714 105 996 137 IUVENALIS

361 168 517 213 imponet
533 168 647 210 vittas,
664 174 708 210 et,
726 171 756 203 si
771 182 840 216 qua
855 178 907 206 est
923 174 1056 210 nubilis
1070 174 1120 210 illi

362 216 544 264 Iphigenia
561 216 669 259 domi,
688 218 784 253 dabit
798 219 887 255 hanc
900 221 1078 266 altaribus,
1095 225 1159 260 etsi

289 270 341 298 120
361 276 431 300 non
445 271 560 312 sperat
573 267 723 314 tragicae
735 267 862 304 furtiva
876 271 1010 316 piacula
1025 284 1157 309 cervae.

361 315 482 350 Laudo
495 327 614 351 meum
629 317 754 356 civem,
773 330 835 353 nec
848 330 1009 367 comparo
1023 327 1224 360 testamento

362 363 459 399 mille
474 370 581 400 rates:
612 377 693 401 nam
708 368 737 401 si
753 368 942 405 Libitinam
957 373 1101 407 evaserit
1114 385 1226 421 aeger,

361 412 488 448 delebit
503 414 649 457 tabulas,
666 416 825 452 inclusus
839 430 970 455 carcere
984 433 1116 464 nassae,

358 468 437 508 post
451 464 614 499 meritum
629 477 713 501 sane
726 468 938 510 mirandum,
957 475 1059 516 atque
1073 472 1188 507 omnia
1203 471 1268 507 soli

288 516 339 544 125
358 511 475 546 forsan
490 513 639 549 Pacuvio
653 515 802 551 breviter
814 517 918 553 dabit.
959 519 1019 554 Ille
1033 522 1206 567 superbus

359 561 493 596 incedet
509 563 608 598 victis
624 563 804 602 rivalibus.
844 567 937 614 Ergo
951 569 1059 613 vides,
1077 582 1185 617 quam

358 611 491 658 grande
504 622 626 657 operae
639 615 788 659 pretium
806 614 906 651 saciat
921 618 1074 664 iugulata
1090 620 1258 667 Mycenis.

408 660 510 695 Vivat
524 662 708 705 Pacuvius,
726 675 867 709 quaeso,
885 666 939 700 vel
954 668 1095 703 Nestora
1115 675 1243 705 totum:

360 709 543 754 possideat,
566 717 739 756 quantum
760 714 875 757 rapuit
895 714 1000 748 Nero:
1031 718 1209 752 montibus
1223 729 1349 753 aurum

287 763 339 790 130
359 764 545 805 exaequet,
562 770 625 796 nec
638 765 728 796 amet
742 771 971 808 quemquam,
985 774 1047 799 nec
1060 770 1194 802 ametur
1203 766 1246 803 ab
1256 766 1329 802 ullo
1341 767 1347 793 ¹

602 926 919 966 SATIRA
981 932 1110 968 XIII.

357 1016 455 1041 ARG.
474 1017 623 1043 Fraudatus
641 1019 727 1044 suerat
742 1020 869 1046 Calvinus
888 1022 920 1046 ab
939 1023 1034 1053 amico,
1049 1024 1093 1056 qui
1108 1024 1256 1056 depositum
1270 1025 1347 1050 abiu-

420 1064 532 1083 raven-at.
567 1061 660 1093 Itaque
677 1062 708 1086 de
728 1062 855 1094 improbis
873 1064 1041 1097 periurisque
1060 1066 1156 1097 agitur,
1176 1075 1205 1090 ac
1219 1067 1250 1091 de
1263 1067 1347 1092 sonti-

419 1100 466 1124 bus
485 1105 510 1125 et
529 1103 614 1127 causis
632 1103 712 1129 huius
731 1104 921 1136 improbitatis,
941 1108 1025 1140 deque
1040 1108 1202 1132 conscientia
1215 1112 1242 1132 et
1254 1108 1346 1141 poeni·

419 1143 607 1168 maleficorum.

405 1197 584 1250 Exemplo
601 1206 850 1253 quodcumque
867 1208 959 1244 malo
971 1210 1211 1252 committitur,
1228 1210 1296 1257 ipsi

355 1250 514 1296 displicet
527 1255 669 1289 auctori.
709 1256 824 1291 Prima
839 1262 891 1291 est
904 1257 987 1291 haec
1001 1258 1098 1299 ultio,
1116 1259 1210 1302 quod
1224 1270 1261 1293 se

356 1299 474 1334 iudice
488 1311 589 1334 nemo
605 1312 730 1336 nocens
745 1305 949 1344 absolvitur,
966 1306 1123 1350 improba
1139 1307 1303 1351 quamvis

355 1348 465 1395 gratia
478 1347 608 1384 fallacis
622 1350 788 1385 Praetoris
803 1352 922 1386 vicerit
937 1363 1074 1388 urnam.

284 1405 299 1432 5
355 1397 449 1441 Quid
463 1398 589 1434 sentire
603 1404 703 1444 putas
716 1411 850 1443 omnes,
872 1400 1026 1444 Calvine,
1047 1403 1172 1438 recenti

355 1447 399 1482 de
412 1447 539 1483 scelere
551 1453 583 1483 et
598 1448 677 1483 tidei
693 1449 836 1485 violatae
849 1451 1017 1486 crimine?
1040 1451 1107 1487 Sed
1121 1463 1184 1488 nec

354 1502 426 1532 tam
438 1498 553 1532 tenuis
570 1509 696 1533 census
705 1498 767 1533 tibi
783 1500 938 1547 contigit,
956 1507 994 1537 ut
1007 1501 1188 1536 mediocris

355 1546 505 1581 iacturae
521 1552 552 1581 te
565 1553 699 1594 mergat
711 1559 800 1583 onus
812 1561 818 1591 ;
849 1561 910 1584 nec
923 1562 998 1585 rara
1011 1550 1184 1593 videmus,

355 1606 446 1641 quae
464 1596 605 1642 pateriS.
646 1598 756 1632 Casus
773 1598 895 1634 multis
908 1599 965 1635 hic
977 1601 1147 1647 cognitus,
1165 1612 1204 1636 ac
1217 1601 1288 1637 iam

285 1651 318 1678 10
355 1645 470 1687 tritus,
488 1650 551 1680 ete
565 1645 679 1681 medio
691 1647 863 1683 Fortunae
875 1648 999 1684 ductus
1012 1660 1144 1685 acervo.

355 1694 531 1729 Ponamus
548 1695 673 1730 nimios
685 1698 857 1743 gemitus:
887 1697 1082 1745 flagrantior
1101 1710 1210 1745 aequo

357 1753 427 1780 non
441 1743 542 1780 dehet
555 1744 652 1781 dolor
664 1757 740 1782 esse
753 1747 830 1788 viri,
841 1758 904 1784 nec
916 1747 1059 1784 vulnere
1073 1750 1194 1784 maior.
