<?xml version="1.0" encoding="UTF-8"?>
<!DOCTYPE html PUBLIC "-//W3C//DTD XHTML 1.0 Transitional//EN"
    "http://www.w3.org/TR/xhtml1/DTD/xhtml1-transitional.dtd">
<html xmlns="http://www.w3.org/1999/xhtml" xml:lang="en" lang="en">
 <head>
  <title>
</title>
<meta http-equiv="Content-Type" content="text/html;charset=utf-8" />
  <meta name='ocr-system' content='tesseract 3.04.00' />
  <meta name='ocr-capabilities' content='ocr_page ocr_carea ocr_par ocr_line ocrx_word'/>
</head>
<body>
  <div class='ocr_page' id='page_1' title='image "apersiiflaccietd00persuoft_0073.png"; bbox 0 0 1406 2047; ppageno 0'>
   <div class='ocr_carea' id='block_1_1' title="bbox 421 118 1036 150">
    <p class='ocr_par' dir='ltr' id='par_1_1' title="bbox 421 118 1036 150">
     <span class='ocr_line' id='line_1_1' title="bbox 421 118 1036 150; baseline 0.007 -4"><span class='ocrx_word' id='word_1_1' title='bbox 421 118 613 148; x_wconf 86' lang='lat' dir='ltr'><strong>SATIRA</strong></span> <span class='ocrx_word' id='word_1_2' title='bbox 637 119 680 148; x_wconf 82' lang='lat' dir='ltr'><strong>V.</strong></span> <span class='ocrx_word' id='word_1_3' title='bbox 1001 118 1036 150; x_wconf 70' lang='lat'><strong>8¹</strong></span> 
     </span>
    </p>
   </div>
   <div class='ocr_carea' id='block_1_2' title="bbox 54 181 1115 1806">
    <p class='ocr_par' dir='ltr' id='par_1_2' title="bbox 54 181 1115 1361">
     <span class='ocr_line' id='line_1_2' title="bbox 58 181 942 232; baseline 0.002 -13"><span class='ocrx_word' id='word_1_4' title='bbox 58 197 171 232; x_wconf 86' lang='lat' dir='ltr'><strong>quum</strong></span> <span class='ocrx_word' id='word_1_5' title='bbox 187 184 280 221; x_wconf 88' lang='lat' dir='ltr'><strong>venit</strong></span> <span class='ocrx_word' id='word_1_6' title='bbox 292 181 438 219; x_wconf 86' lang='lat' dir='ltr'><strong>excelsis</strong></span> <span class='ocrx_word' id='word_1_7' title='bbox 453 185 617 220; x_wconf 88' lang='lat' dir='ltr'><strong>manibus</strong></span> <span class='ocrx_word' id='word_1_8' title='bbox 631 183 767 220; x_wconf 83' lang='lat' dir='ltr'><strong>sublata</strong></span> <span class='ocrx_word' id='word_1_9' title='bbox 780 186 942 221; x_wconf 85' lang='lat' dir='ltr'><strong>ministri.</strong></span> 
     </span>
     <span class='ocr_line' id='line_1_3' title="bbox 57 233 874 271; baseline 0 -1"><span class='ocrx_word' id='word_1_10' title='bbox 57 236 124 270; x_wconf 83' lang='lat' dir='ltr'><strong>Sed</strong></span> <span class='ocrx_word' id='word_1_11' title='bbox 139 235 200 269; x_wconf 91' lang='lat' dir='ltr'><strong>tibi</strong></span> <span class='ocrx_word' id='word_1_12' title='bbox 217 233 363 268; x_wconf 88' lang='lat' dir='ltr'><strong>dimidio</strong></span> <span class='ocrx_word' id='word_1_13' title='bbox 376 235 580 270; x_wconf 83' lang='lat' dir='ltr'><strong>constrictus</strong></span> <span class='ocrx_word' id='word_1_14' title='bbox 598 246 794 270; x_wconf 88' lang='lat' dir='ltr'><strong>cammarus</strong></span> <span class='ocrx_word' id='word_1_15' title='bbox 808 246 874 271; x_wconf 93' lang='lat' dir='ltr'><strong>ovo</strong></span> 
     </span>
     <span class='ocr_line' id='line_1_4' title="bbox 56 282 1115 331; baseline -0.001 -12"><span class='ocrx_word' id='word_1_16' title='bbox 56 285 208 330; x_wconf 82' lang='lat' dir='ltr'><strong>ponitur,</strong></span> <span class='ocrx_word' id='word_1_17' title='bbox 225 283 351 330; x_wconf 83' lang='lat' dir='ltr'><strong>exigua</strong></span> <span class='ocrx_word' id='word_1_18' title='bbox 365 282 480 318; x_wconf 78' lang='lat' dir='ltr'><strong>feralis</strong></span> <span class='ocrx_word' id='word_1_19' title='bbox 493 295 597 319; x_wconf 88' lang='lat' dir='ltr'><strong>coena</strong></span> <span class='ocrx_word' id='word_1_20' title='bbox 610 284 747 331; x_wconf 90' lang='lat' dir='ltr'><strong>patella.</strong></span> <span class='ocrx_word' id='word_1_21' title='bbox 1083 292 1115 318; x_wconf 60' lang='grc' dir='ltr'><strong>ὃς,</strong></span> 
     </span>
     <span class='ocr_line' id='line_1_5' title="bbox 57 332 916 380; baseline 0 -12"><span class='ocrx_word' id='word_1_22' title='bbox 57 335 133 379; x_wconf 83' lang='lat' dir='ltr'><strong>Ipse</strong></span> <span class='ocrx_word' id='word_1_23' title='bbox 147 332 340 367; x_wconf 82' lang='lat' dir='ltr'>Venafrano</span> <span class='ocrx_word' id='word_1_24' title='bbox 354 333 484 379; x_wconf 86' lang='lat' dir='ltr'>piscem</span> <span class='ocrx_word' id='word_1_25' title='bbox 498 333 692 380; x_wconf 88' lang='lat' dir='ltr'><strong>perfundit:</strong></span> <span class='ocrx_word' id='word_1_26' title='bbox 722 338 755 368; x_wconf 89' lang='lat' dir='ltr'><strong>at</strong></span> <span class='ocrx_word' id='word_1_27' title='bbox 768 333 836 375; x_wconf 84' lang='lat' dir='ltr'><strong>hic,</strong></span> <span class='ocrx_word' id='word_1_28' title='bbox 854 334 916 380; x_wconf 87' lang='lat' dir='ltr'><strong>qui</strong></span> 
     </span>
     <span class='ocr_line' id='line_1_6' title="bbox 55 381 837 428; baseline 0.003 -12"><span class='ocrx_word' id='word_1_29' title='bbox 55 381 207 428; x_wconf 86' lang='lat' dir='ltr'><strong>pallidus</strong></span> <span class='ocrx_word' id='word_1_30' title='bbox 223 382 361 417; x_wconf 76' lang='lat' dir='ltr'><strong>affertur</strong></span> <span class='ocrx_word' id='word_1_31' title='bbox 376 384 502 418; x_wconf 85' lang='lat' dir='ltr'><strong>misero</strong></span> <span class='ocrx_word' id='word_1_32' title='bbox 516 384 579 418; x_wconf 87' lang='lat' dir='ltr'><strong>tibi</strong></span> <span class='ocrx_word' id='word_1_33' title='bbox 596 383 716 425; x_wconf 88' lang='lat' dir='ltr'><strong>caulis,</strong></span> <span class='ocrx_word' id='word_1_34' title='bbox 733 383 837 418; x_wconf 88' lang='lat' dir='ltr'><strong>olebit</strong></span> 
     </span>
     <span class='ocr_line' id='line_1_7' title="bbox 55 432 1005 480; baseline 0.003 -15"><span class='ocrx_word' id='word_1_35' title='bbox 55 432 236 466; x_wconf 89' lang='lat' dir='ltr'><strong>laternam.</strong></span> <span class='ocrx_word' id='word_1_36' title='bbox 277 432 367 467; x_wconf 88' lang='lat' dir='ltr'><strong>Illud</strong></span> <span class='ocrx_word' id='word_1_37' title='bbox 380 433 474 467; x_wconf 87' lang='lat' dir='ltr'><strong>enim</strong></span> <span class='ocrx_word' id='word_1_38' title='bbox 489 434 611 468; x_wconf 87' lang='lat' dir='ltr'><strong>vestris</strong></span> <span class='ocrx_word' id='word_1_39' title='bbox 626 433 726 469; x_wconf 84' lang='lat' dir='ltr'><strong>datur</strong></span> <span class='ocrx_word' id='word_1_40' title='bbox 740 432 893 476; x_wconf 83' lang='lat' dir='ltr'><strong>alveolis,</strong></span> <span class='ocrx_word' id='word_1_41' title='bbox 910 432 1005 480; x_wconf 91' lang='lat' dir='ltr'><strong>quod</strong></span> 
     </span>
     <span class='ocr_line' id='line_1_8' title="bbox 55 481 826 527; baseline 0.001 -12"><span class='ocrx_word' id='word_1_42' title='bbox 55 492 165 515; x_wconf 85' lang='lat' dir='ltr'><strong>canna</strong></span> <span class='ocrx_word' id='word_1_43' title='bbox 180 481 403 527; x_wconf 81' lang='lat' dir='ltr'>Micipsarum</span> <span class='ocrx_word' id='word_1_44' title='bbox 419 493 519 527; x_wconf 81' lang='lat' dir='ltr'><strong>prora</strong></span> <span class='ocrx_word' id='word_1_45' title='bbox 535 483 698 517; x_wconf 84' lang='lat' dir='ltr'>subvexit</span> <span class='ocrx_word' id='word_1_46' title='bbox 711 487 826 525; x_wconf 80' lang='lat' dir='ltr'><strong>acuta3</strong></span> 
     </span>
     <span class='ocr_line' id='line_1_9' title="bbox 55 530 1114 576; baseline 0 -12"><span class='ocrx_word' id='word_1_47' title='bbox 55 535 193 576; x_wconf 87' lang='lat' dir='ltr'><strong>propter</strong></span> <span class='ocrx_word' id='word_1_48' title='bbox 207 531 300 576; x_wconf 85' lang='lat' dir='ltr'><strong>quod</strong></span> <span class='ocrx_word' id='word_1_49' title='bbox 320 532 447 566; x_wconf 88' lang='lat' dir='ltr'><strong>Romae</strong></span> <span class='ocrx_word' id='word_1_50' title='bbox 459 542 540 566; x_wconf 88' lang='lat' dir='ltr'><strong>cum</strong></span> <span class='ocrx_word' id='word_1_51' title='bbox 554 532 723 566; x_wconf 88' lang='lat' dir='ltr'><strong>Bocchare</strong></span> <span class='ocrx_word' id='word_1_52' title='bbox 736 542 838 565; x_wconf 88' lang='lat' dir='ltr'><strong>nemo</strong></span> <span class='ocrx_word' id='word_1_53' title='bbox 850 530 1002 574; x_wconf 78' lang='lat' dir='ltr'><strong>lavatur3</strong></span> <span class='ocrx_word' id='word_1_54' title='bbox 1081 538 1114 564; x_wconf 84' lang='lat'><strong>90</strong></span> 
     </span>
     <span class='ocr_line' id='line_1_10' title="bbox 55 579 832 626; baseline 0.001 -13"><span class='ocrx_word' id='word_1_55' title='bbox 55 579 151 625; x_wconf 88' lang='lat' dir='ltr'><strong>quod</strong></span> <span class='ocrx_word' id='word_1_56' title='bbox 164 585 254 614; x_wconf 86' lang='lat' dir='ltr'><strong>tutos</strong></span> <span class='ocrx_word' id='word_1_57' title='bbox 269 581 371 614; x_wconf 87' lang='lat' dir='ltr'><strong>etiam</strong></span> <span class='ocrx_word' id='word_1_58' title='bbox 385 580 463 615; x_wconf 85' lang='lat' dir='ltr'><strong>facit</strong></span> <span class='ocrx_word' id='word_1_59' title='bbox 477 592 496 614; x_wconf 88' lang='lat' dir='ltr'><strong>a</strong></span> <span class='ocrx_word' id='word_1_60' title='bbox 510 581 728 626; x_wconf 84' lang='lat' dir='ltr'>serpentibus</span> <span class='ocrx_word' id='word_1_61' title='bbox 741 580 832 614; x_wconf 85' lang='lat' dir='ltr'><strong>atris.</strong></span> 
     </span>
     <span class='ocr_line' id='line_1_11' title="bbox 54 628 1021 676; baseline 0.001 -14"><span class='ocrx_word' id='word_1_62' title='bbox 54 628 186 663; x_wconf 84' lang='lat' dir='ltr'><strong>Mullus</strong></span> <span class='ocrx_word' id='word_1_63' title='bbox 201 629 264 664; x_wconf 88' lang='lat' dir='ltr'><strong>erit</strong></span> <span class='ocrx_word' id='word_1_64' title='bbox 278 629 431 671; x_wconf 91' lang='lat' dir='ltr'><strong>domino,</strong></span> <span class='ocrx_word' id='word_1_65' title='bbox 449 641 555 676; x_wconf 90' lang='lat' dir='ltr'><strong>quem</strong></span> <span class='ocrx_word' id='word_1_66' title='bbox 569 630 665 665; x_wconf 85' lang='lat' dir='ltr'><strong>misit</strong></span> <span class='ocrx_word' id='word_1_67' title='bbox 678 630 826 672; x_wconf 84' lang='lat' dir='ltr'><strong>Corsica,</strong></span> <span class='ocrx_word' id='word_1_68' title='bbox 846 628 898 666; x_wconf 87' lang='lat' dir='ltr'><strong>vel</strong></span> <span class='ocrx_word' id='word_1_69' title='bbox 917 640 1021 675; x_wconf 89' lang='lat' dir='ltr'><strong>quem</strong></span> 
     </span>
     <span class='ocr_line' id='line_1_12' title="bbox 55 678 1030 726; baseline 0.002 -15"><span class='ocrx_word' id='word_1_70' title='bbox 55 678 365 714; x_wconf 81' lang='lat' dir='ltr'><strong>Tauromenitanae</strong></span> <span class='ocrx_word' id='word_1_71' title='bbox 379 691 495 726; x_wconf 87' lang='lat' dir='ltr'><strong>rupes,</strong></span> <span class='ocrx_word' id='word_1_72' title='bbox 513 680 654 726; x_wconf 90' lang='lat' dir='ltr'><strong>quando</strong></span> <span class='ocrx_word' id='word_1_73' title='bbox 667 690 770 714; x_wconf 89' lang='lat' dir='ltr'><strong>omne</strong></span> <span class='ocrx_word' id='word_1_74' title='bbox 786 684 964 725; x_wconf 85' lang='lat' dir='ltr'><strong>peractum</strong></span> <span class='ocrx_word' id='word_1_75' title='bbox 979 683 1030 713; x_wconf 86' lang='lat' dir='ltr'><strong>est</strong></span> 
     </span>
     <span class='ocr_line' id='line_1_13' title="bbox 55 728 932 776; baseline 0.002 -16"><span class='ocrx_word' id='word_1_76' title='bbox 55 732 87 761; x_wconf 91' lang='lat' dir='ltr'><strong>et</strong></span> <span class='ocrx_word' id='word_1_77' title='bbox 101 728 169 761; x_wconf 86' lang='lat' dir='ltr'><strong>iam</strong></span> <span class='ocrx_word' id='word_1_78' title='bbox 183 728 305 763; x_wconf 79' lang='lat' dir='ltr'><strong>defecit</strong></span> <span class='ocrx_word' id='word_1_79' title='bbox 314 735 474 764; x_wconf 88' lang='lat' dir='ltr'><strong>nostrum</strong></span> <span class='ocrx_word' id='word_1_80' title='bbox 488 741 595 771; x_wconf 88' lang='lat' dir='ltr'><strong>mare,</strong></span> <span class='ocrx_word' id='word_1_81' title='bbox 612 730 698 764; x_wconf 90' lang='lat' dir='ltr'><strong>dum</strong></span> <span class='ocrx_word' id='word_1_82' title='bbox 711 728 794 776; x_wconf 80' lang='lat' dir='ltr'><strong>gula</strong></span> <span class='ocrx_word' id='word_1_83' title='bbox 812 729 932 769; x_wconf 88' lang='lat' dir='ltr'><strong>saevit,</strong></span> 
     </span>
     <span class='ocr_line' id='line_1_14' title="bbox 56 776 1114 820; baseline 0.002 -11"><span class='ocrx_word' id='word_1_84' title='bbox 56 776 187 810; x_wconf 87' lang='lat' dir='ltr'><strong>retibus</strong></span> <span class='ocrx_word' id='word_1_85' title='bbox 202 777 359 810; x_wconf 84' lang='lat' dir='ltr'><strong>adsiduis</strong></span> <span class='ocrx_word' id='word_1_86' title='bbox 374 779 512 820; x_wconf 82' lang='lat' dir='ltr'><strong>penitus</strong></span> <span class='ocrx_word' id='word_1_87' title='bbox 526 783 698 811; x_wconf 72' lang='lat' dir='ltr'><strong>scrutante</strong></span> <span class='ocrx_word' id='word_1_88' title='bbox 713 777 856 811; x_wconf 80' lang='lat' dir='ltr'><strong>macello</strong></span> <span class='ocrx_word' id='word_1_89' title='bbox 1081 783 1114 811; x_wconf 71' lang='lat'><strong>95</strong></span> 
     </span>
     <span class='ocr_line' id='line_1_15' title="bbox 55 823 1007 871; baseline 0.002 -12"><span class='ocrx_word' id='word_1_90' title='bbox 55 825 226 870; x_wconf 78' lang='lat' dir='ltr'><strong>proxima,</strong></span> <span class='ocrx_word' id='word_1_91' title='bbox 244 835 305 859; x_wconf 89' lang='lat' dir='ltr'><strong>nec</strong></span> <span class='ocrx_word' id='word_1_92' title='bbox 319 825 448 869; x_wconf 82' lang='lat' dir='ltr'><strong>patitur</strong></span> <span class='ocrx_word' id='word_1_93' title='bbox 466 823 688 870; x_wconf 83' lang='lat' dir='ltr'><strong>Tyrrhenum</strong></span> <span class='ocrx_word' id='word_1_94' title='bbox 701 835 850 860; x_wconf 86' lang='lat' dir='ltr'><strong>crescere</strong></span> <span class='ocrx_word' id='word_1_95' title='bbox 864 826 1007 871; x_wconf 82' lang='lat' dir='ltr'><strong>piscem.</strong></span> 
     </span>
     <span class='ocr_line' id='line_1_16' title="bbox 56 872 934 920; baseline 0.002 -13"><span class='ocrx_word' id='word_1_96' title='bbox 56 874 200 908; x_wconf 84' lang='lat' dir='ltr'><strong>Instruit</strong></span> <span class='ocrx_word' id='word_1_97' title='bbox 213 884 294 920; x_wconf 81' lang='lat' dir='ltr'><strong>ergo</strong></span> <span class='ocrx_word' id='word_1_98' title='bbox 308 873 423 908; x_wconf 88' lang='lat' dir='ltr'><strong>focum</strong></span> <span class='ocrx_word' id='word_1_99' title='bbox 438 872 632 919; x_wconf 86' lang='lat' dir='ltr'><strong>provincia:</strong></span> <span class='ocrx_word' id='word_1_100' title='bbox 662 874 812 909; x_wconf 84' lang='lat' dir='ltr'><strong>sumitur</strong></span> <span class='ocrx_word' id='word_1_101' title='bbox 827 873 934 916; x_wconf 86' lang='lat' dir='ltr'><strong>illinc,</strong></span> 
     </span>
     <span class='ocr_line' id='line_1_17' title="bbox 55 922 863 968; baseline 0.002 -12"><span class='ocrx_word' id='word_1_102' title='bbox 55 922 151 968; x_wconf 88' lang='lat' dir='ltr'><strong>quod</strong></span> <span class='ocrx_word' id='word_1_103' title='bbox 167 928 317 968; x_wconf 87' lang='lat' dir='ltr'><strong>captator</strong></span> <span class='ocrx_word' id='word_1_104' title='bbox 330 927 420 957; x_wconf 88' lang='lat' dir='ltr'><strong>emat</strong></span> <span class='ocrx_word' id='word_1_105' title='bbox 433 924 556 965; x_wconf 87' lang='lat' dir='ltr'><strong>Lenas,</strong></span> <span class='ocrx_word' id='word_1_106' title='bbox 572 922 712 959; x_wconf 84' lang='lat' dir='ltr'><strong>Aurelia</strong></span> <span class='ocrx_word' id='word_1_107' title='bbox 725 923 863 958; x_wconf 82' lang='lat' dir='ltr'><strong>vendat.</strong></span> 
     </span>
     <span class='ocr_line' id='line_1_18' title="bbox 58 971 886 1018; baseline 0.001 -11"><span class='ocrx_word' id='word_1_108' title='bbox 58 971 193 1007; x_wconf 88' lang='lat' dir='ltr'><strong>Virroni</strong></span> <span class='ocrx_word' id='word_1_109' title='bbox 210 983 375 1006; x_wconf 89' lang='lat' dir='ltr'><strong>muraena</strong></span> <span class='ocrx_word' id='word_1_110' title='bbox 390 972 503 1014; x_wconf 87' lang='lat' dir='ltr'><strong>datur,</strong></span> <span class='ocrx_word' id='word_1_111' title='bbox 520 984 609 1018; x_wconf 87' lang='lat' dir='ltr'><strong>quae</strong></span> <span class='ocrx_word' id='word_1_112' title='bbox 624 973 777 1007; x_wconf 83' lang='lat' dir='ltr'><strong>maxima</strong></span> <span class='ocrx_word' id='word_1_113' title='bbox 791 974 886 1008; x_wconf 84' lang='lat' dir='ltr'><strong>venit</strong></span> 
     </span>
     <span class='ocr_line' id='line_1_19' title="bbox 54 1021 1114 1068; baseline 0.002 -13"><span class='ocrx_word' id='word_1_114' title='bbox 54 1021 193 1068; x_wconf 77' lang='lat' dir='ltr'><strong>gurgite</strong></span> <span class='ocrx_word' id='word_1_115' title='bbox 205 1021 247 1055; x_wconf 91' lang='lat' dir='ltr'><strong>de</strong></span> <span class='ocrx_word' id='word_1_116' title='bbox 261 1021 393 1057; x_wconf 83' lang='lat' dir='ltr'><strong>Siculo:</strong></span> <span class='ocrx_word' id='word_1_117' title='bbox 426 1033 519 1062; x_wconf 82' lang='lat' dir='ltr'><strong>nam,</strong></span> <span class='ocrx_word' id='word_1_118' title='bbox 537 1022 622 1057; x_wconf 88' lang='lat' dir='ltr'><strong>dum</strong></span> <span class='ocrx_word' id='word_1_119' title='bbox 637 1033 674 1057; x_wconf 89' lang='lat' dir='ltr'><strong>se</strong></span> <span class='ocrx_word' id='word_1_120' title='bbox 686 1023 836 1057; x_wconf 85' lang='lat' dir='ltr'><strong>continet</strong></span> <span class='ocrx_word' id='word_1_121' title='bbox 847 1022 983 1065; x_wconf 83' lang='lat' dir='ltr'><strong>Auster,</strong></span> <span class='ocrx_word' id='word_1_122' title='bbox 1062 1030 1114 1057; x_wconf 86' lang='lat'><strong>100</strong></span> 
     </span>
     <span class='ocr_line' id='line_1_20' title="bbox 55 1070 939 1117; baseline 0.002 -13"><span class='ocrx_word' id='word_1_123' title='bbox 55 1071 142 1105; x_wconf 88' lang='lat' dir='ltr'><strong>dum</strong></span> <span class='ocrx_word' id='word_1_124' title='bbox 156 1070 294 1105; x_wconf 87' lang='lat' dir='ltr'><strong>sedetet</strong></span> <span class='ocrx_word' id='word_1_125' title='bbox 308 1071 411 1105; x_wconf 85' lang='lat' dir='ltr'><strong>siccat</strong></span> <span class='ocrx_word' id='word_1_126' title='bbox 426 1071 583 1106; x_wconf 90' lang='lat' dir='ltr'><strong>madidas</strong></span> <span class='ocrx_word' id='word_1_127' title='bbox 598 1072 633 1106; x_wconf 89' lang='lat' dir='ltr'><strong>in</strong></span> <span class='ocrx_word' id='word_1_128' title='bbox 649 1083 779 1106; x_wconf 86' lang='lat' dir='ltr'><strong>carcere</strong></span> <span class='ocrx_word' id='word_1_129' title='bbox 795 1082 939 1117; x_wconf 58' lang='lat' dir='ltr'><strong>pennam,</strong></span> 
     </span>
     <span class='ocr_line' id='line_1_21' title="bbox 55 1120 967 1166; baseline 0.001 -12"><span class='ocrx_word' id='word_1_130' title='bbox 55 1125 283 1154; x_wconf 85' lang='lat' dir='ltr'><strong>contemnunt</strong></span> <span class='ocrx_word' id='word_1_131' title='bbox 297 1120 447 1154; x_wconf 86' lang='lat' dir='ltr'><strong>mediam</strong></span> <span class='ocrx_word' id='word_1_132' title='bbox 461 1121 639 1155; x_wconf 84' lang='lat' dir='ltr'><strong>temeraria</strong></span> <span class='ocrx_word' id='word_1_133' title='bbox 654 1121 723 1155; x_wconf 90' lang='lat' dir='ltr'><strong>lina</strong></span> <span class='ocrx_word' id='word_1_134' title='bbox 739 1120 967 1166; x_wconf 85' lang='lat' dir='ltr'><strong>Charybdim.</strong></span> 
     </span>
     <span class='ocr_line' id='line_1_22' title="bbox 55 1168 917 1215; baseline -0.001 -11"><span class='ocrx_word' id='word_1_135' title='bbox 55 1169 124 1204; x_wconf 85' lang='lat' dir='ltr'><strong>Vos</strong></span> <span class='ocrx_word' id='word_1_136' title='bbox 140 1168 293 1215; x_wconf 80' lang='lat' dir='ltr'><strong>anguilla</strong></span> <span class='ocrx_word' id='word_1_137' title='bbox 307 1174 434 1209; x_wconf 83' lang='lat' dir='ltr'><strong>manet,</strong></span> <span class='ocrx_word' id='word_1_138' title='bbox 454 1169 576 1215; x_wconf 82' lang='lat' dir='ltr'><strong>longae</strong></span> <span class='ocrx_word' id='word_1_139' title='bbox 588 1174 731 1215; x_wconf 79' lang='lat' dir='ltr'><strong>cognata</strong></span> <span class='ocrx_word' id='word_1_140' title='bbox 744 1169 917 1211; x_wconf 88' lang='lat' dir='ltr'><strong>colubrae,</strong></span> 
     </span>
     <span class='ocr_line' id='line_1_23' title="bbox 55 1216 941 1265; baseline 0.001 -13"><span class='ocrx_word' id='word_1_141' title='bbox 55 1223 114 1253; x_wconf 88' lang='lat' dir='ltr'><strong>aut</strong></span> <span class='ocrx_word' id='word_1_142' title='bbox 126 1217 235 1264; x_wconf 83' lang='lat' dir='ltr'><strong>glacie</strong></span> <span class='ocrx_word' id='word_1_143' title='bbox 245 1216 432 1262; x_wconf 88' lang='lat' dir='ltr'><strong>adspersus</strong></span> <span class='ocrx_word' id='word_1_144' title='bbox 446 1217 593 1252; x_wconf 86' lang='lat' dir='ltr'><strong>maculis</strong></span> <span class='ocrx_word' id='word_1_145' title='bbox 608 1218 804 1260; x_wconf 63' lang='lat' dir='ltr'><strong>Tiberinm,</strong></span> <span class='ocrx_word' id='word_1_146' title='bbox 821 1223 853 1253; x_wconf 88' lang='lat' dir='ltr'><strong>et</strong></span> <span class='ocrx_word' id='word_1_147' title='bbox 867 1219 941 1265; x_wconf 89' lang='lat' dir='ltr'><strong>ipse</strong></span> 
     </span>
     <span class='ocr_line' id='line_1_24' title="bbox 55 1264 1112 1312; baseline 0.002 -11"><span class='ocrx_word' id='word_1_148' title='bbox 55 1264 200 1301; x_wconf 89' lang='lat' dir='ltr'><strong>vernula</strong></span> <span class='ocrx_word' id='word_1_149' title='bbox 215 1264 384 1310; x_wconf 89' lang='lat' dir='ltr'><strong>riparum,</strong></span> <span class='ocrx_word' id='word_1_150' title='bbox 401 1267 545 1312; x_wconf 81' lang='lat' dir='ltr'><strong>pinguis</strong></span> <span class='ocrx_word' id='word_1_151' title='bbox 563 1271 712 1301; x_wconf 85' lang='lat' dir='ltr'><strong>torrente</strong></span> <span class='ocrx_word' id='word_1_152' title='bbox 728 1267 853 1309; x_wconf 86' lang='lat' dir='ltr'><strong>cloaca,</strong></span> <span class='ocrx_word' id='word_1_153' title='bbox 1062 1276 1112 1303; x_wconf 85' lang='lat'><strong>105</strong></span> 
     </span>
     <span class='ocr_line' id='line_1_25' title="bbox 54 1313 914 1361; baseline 0.001 -11"><span class='ocrx_word' id='word_1_154' title='bbox 54 1320 86 1350; x_wconf 88' lang='lat' dir='ltr'><strong>et</strong></span> <span class='ocrx_word' id='word_1_155' title='bbox 96 1313 218 1349; x_wconf 88' lang='lat' dir='ltr'><strong>solitus</strong></span> <span class='ocrx_word' id='word_1_156' title='bbox 234 1314 368 1349; x_wconf 89' lang='lat' dir='ltr'><strong>mediae</strong></span> <span class='ocrx_word' id='word_1_157' title='bbox 383 1319 539 1361; x_wconf 81' lang='lat' dir='ltr'><strong>cryptam</strong></span> <span class='ocrx_word' id='word_1_158' title='bbox 554 1321 731 1361; x_wconf 86' lang='lat' dir='ltr'><strong>penetrare</strong></span> <span class='ocrx_word' id='word_1_159' title='bbox 744 1316 914 1351; x_wconf 89' lang='lat' dir='ltr'><strong>Suburae.</strong></span> 
     </span>
    </p>

    <p class='ocr_par' dir='ltr' id='par_1_3' title="bbox 55 1363 1113 1706">
     <span class='ocr_line' id='line_1_26' title="bbox 103 1363 952 1409; baseline 0.001 -11"><span class='ocrx_word' id='word_1_160' title='bbox 103 1364 175 1409; x_wconf 88' lang='lat' dir='ltr'><strong>Ipsi</strong></span> <span class='ocrx_word' id='word_1_161' title='bbox 188 1374 298 1409; x_wconf 88' lang='lat' dir='ltr'><strong>pauca</strong></span> <span class='ocrx_word' id='word_1_162' title='bbox 313 1363 432 1403; x_wconf 79' lang='lat' dir='ltr'><strong>velim.</strong></span> <span class='ocrx_word' id='word_1_163' title='bbox 450 1363 585 1398; x_wconf 86' lang='lat' dir='ltr'><strong>facilem</strong></span> <span class='ocrx_word' id='word_1_164' title='bbox 599 1364 629 1398; x_wconf 89' lang='lat' dir='ltr'><strong>si</strong></span> <span class='ocrx_word' id='word_1_165' title='bbox 643 1365 803 1409; x_wconf 80' lang='lat' dir='ltr'><strong>praebeat</strong></span> <span class='ocrx_word' id='word_1_166' title='bbox 819 1375 952 1399; x_wconf 89' lang='lat' dir='ltr'><strong>aurem.</strong></span> 
     </span>
     <span class='ocr_line' id='line_1_27' title="bbox 55 1412 911 1459; baseline 0 -11"><span class='ocrx_word' id='word_1_167' title='bbox 55 1415 164 1449; x_wconf 89' lang='lat' dir='ltr'><strong>Nemo</strong></span> <span class='ocrx_word' id='word_1_168' title='bbox 177 1413 272 1459; x_wconf 86' lang='lat' dir='ltr'><strong>petit,</strong></span> <span class='ocrx_word' id='word_1_169' title='bbox 289 1412 435 1446; x_wconf 88' lang='lat' dir='ltr'><strong>modicis</strong></span> <span class='ocrx_word' id='word_1_170' title='bbox 450 1423 539 1458; x_wconf 86' lang='lat' dir='ltr'><strong>quae</strong></span> <span class='ocrx_word' id='word_1_171' title='bbox 553 1413 777 1447; x_wconf 86' lang='lat' dir='ltr'><strong>mittebantur</strong></span> <span class='ocrx_word' id='word_1_172' title='bbox 791 1414 911 1448; x_wconf 88' lang='lat' dir='ltr'><strong>amicis</strong></span> 
     </span>
     <span class='ocr_line' id='line_1_28' title="bbox 55 1461 925 1508; baseline 0.001 -11"><span class='ocrx_word' id='word_1_173' title='bbox 55 1474 74 1497; x_wconf 90' lang='lat' dir='ltr'><strong>a</strong></span> <span class='ocrx_word' id='word_1_174' title='bbox 86 1462 224 1504; x_wconf 84' lang='lat' dir='ltr'><strong>Seneca,</strong></span> <span class='ocrx_word' id='word_1_175' title='bbox 241 1473 331 1508; x_wconf 86' lang='lat' dir='ltr'><strong>quae</strong></span> <span class='ocrx_word' id='word_1_176' title='bbox 345 1462 424 1496; x_wconf 93' lang='lat' dir='ltr'><strong>Piso</strong></span> <span class='ocrx_word' id='word_1_177' title='bbox 437 1461 562 1502; x_wconf 84' lang='lat' dir='ltr'><strong>bonus,</strong></span> <span class='ocrx_word' id='word_1_178' title='bbox 578 1473 668 1507; x_wconf 88' lang='lat' dir='ltr'><strong>quae</strong></span> <span class='ocrx_word' id='word_1_179' title='bbox 681 1461 775 1496; x_wconf 87' lang='lat' dir='ltr'><strong>Cotta</strong></span> <span class='ocrx_word' id='word_1_180' title='bbox 794 1461 925 1498; x_wconf 88' lang='lat' dir='ltr'><strong>solebat</strong></span> 
     </span>
     <span class='ocr_line' id='line_1_29' title="bbox 55 1509 1113 1558; baseline -0.001 -11"><span class='ocrx_word' id='word_1_181' title='bbox 55 1511 194 1558; x_wconf 78' lang='lat' dir='ltr'><strong>largiri3</strong></span> <span class='ocrx_word' id='word_1_182' title='bbox 224 1522 377 1556; x_wconf 87' lang='lat' dir='ltr'><strong>namque</strong></span> <span class='ocrx_word' id='word_1_183' title='bbox 391 1515 423 1545; x_wconf 88' lang='lat' dir='ltr'><strong>et</strong></span> <span class='ocrx_word' id='word_1_184' title='bbox 437 1510 545 1545; x_wconf 89' lang='lat' dir='ltr'><strong>titulis</strong></span> <span class='ocrx_word' id='word_1_185' title='bbox 563 1516 594 1545; x_wconf 90' lang='lat' dir='ltr'><strong>et</strong></span> <span class='ocrx_word' id='word_1_186' title='bbox 607 1509 759 1545; x_wconf 88' lang='lat' dir='ltr'><strong>fascibus</strong></span> <span class='ocrx_word' id='word_1_187' title='bbox 773 1510 857 1546; x_wconf 89' lang='lat' dir='ltr'><strong>olim</strong></span> <span class='ocrx_word' id='word_1_188' title='bbox 1061 1519 1113 1546; x_wconf 86' lang='lat'><strong>110</strong></span> 
     </span>
     <span class='ocr_line' id='line_1_30' title="bbox 55 1559 817 1607; baseline -0.003 -11"><span class='ocrx_word' id='word_1_189' title='bbox 55 1562 166 1596; x_wconf 90' lang='lat' dir='ltr'><strong>maior</strong></span> <span class='ocrx_word' id='word_1_190' title='bbox 178 1560 370 1595; x_wconf 87' lang='lat' dir='ltr'><strong>habebatur</strong></span> <span class='ocrx_word' id='word_1_191' title='bbox 383 1560 535 1595; x_wconf 89' lang='lat' dir='ltr'><strong>donandi</strong></span> <span class='ocrx_word' id='word_1_192' title='bbox 548 1560 674 1607; x_wconf 81' lang='lat' dir='ltr'><strong>gloria:</strong></span> <span class='ocrx_word' id='word_1_193' title='bbox 702 1559 817 1595; x_wconf 91' lang='lat' dir='ltr'><strong>solum</strong></span> 
     </span>
     <span class='ocr_line' id='line_1_31' title="bbox 55 1608 963 1656; baseline 0 -11"><span class='ocrx_word' id='word_1_194' title='bbox 55 1611 245 1656; x_wconf 84' lang='lat' dir='ltr'><strong>poscimus,</strong></span> <span class='ocrx_word' id='word_1_195' title='bbox 262 1615 301 1644; x_wconf 86' lang='lat' dir='ltr'><strong>ut</strong></span> <span class='ocrx_word' id='word_1_196' title='bbox 314 1621 435 1644; x_wconf 89' lang='lat' dir='ltr'><strong>coenes</strong></span> <span class='ocrx_word' id='word_1_197' title='bbox 449 1609 608 1645; x_wconf 82' lang='lat' dir='ltr'><strong>civiliter.</strong></span> <span class='ocrx_word' id='word_1_198' title='bbox 647 1609 717 1644; x_wconf 90' lang='lat' dir='ltr'><strong>Hoc</strong></span> <span class='ocrx_word' id='word_1_199' title='bbox 734 1608 816 1651; x_wconf 85' lang='lat' dir='ltr'><strong>face,</strong></span> <span class='ocrx_word' id='word_1_200' title='bbox 835 1614 867 1644; x_wconf 87' lang='lat' dir='ltr'><strong>et</strong></span> <span class='ocrx_word' id='word_1_201' title='bbox 881 1614 963 1651; x_wconf 87' lang='lat' dir='ltr'><strong>esto,</strong></span> 
     </span>
     <span class='ocr_line' id='line_1_32' title="bbox 55 1659 931 1706; baseline 0 -12"><span class='ocrx_word' id='word_1_202' title='bbox 55 1665 129 1694; x_wconf 86' lang='lat' dir='ltr'><strong>esto</strong></span> <span class='ocrx_word' id='word_1_203' title='bbox 148 1659 198 1706; x_wconf 86' lang='lat' dir='ltr'><strong>(ut</strong></span> <span class='ocrx_word' id='word_1_204' title='bbox 215 1671 309 1695; x_wconf 90' lang='lat' dir='ltr'><strong>nunc</strong></span> <span class='ocrx_word' id='word_1_205' title='bbox 323 1659 436 1706; x_wconf 90' lang='lat' dir='ltr'><strong>multi)</strong></span> <span class='ocrx_word' id='word_1_206' title='bbox 450 1659 547 1694; x_wconf 84' lang='lat' dir='ltr'><strong>dives</strong></span> <span class='ocrx_word' id='word_1_207' title='bbox 562 1659 637 1700; x_wconf 84' lang='lat' dir='ltr'><strong>tibi,</strong></span> <span class='ocrx_word' id='word_1_208' title='bbox 653 1670 784 1705; x_wconf 88' lang='lat' dir='ltr'><strong>pauper</strong></span> <span class='ocrx_word' id='word_1_209' title='bbox 797 1659 931 1694; x_wconf 89' lang='lat' dir='ltr'><strong>amicis.</strong></span> 
     </span>
    </p>

    <p class='ocr_par' dir='ltr' id='par_1_4' title="bbox 59 1708 1112 1806">
     <span class='ocr_line' id='line_1_33' title="bbox 106 1708 1003 1756; baseline 0 -13"><span class='ocrx_word' id='word_1_210' title='bbox 106 1708 249 1744; x_wconf 91' lang='lat' dir='ltr'><strong>Anseris</strong></span> <span class='ocrx_word' id='word_1_211' title='bbox 264 1714 341 1744; x_wconf 89' lang='lat' dir='ltr'><strong>ante</strong></span> <span class='ocrx_word' id='word_1_212' title='bbox 355 1709 471 1755; x_wconf 90' lang='lat' dir='ltr'><strong>ipsum</strong></span> <span class='ocrx_word' id='word_1_213' title='bbox 487 1709 606 1755; x_wconf 81' lang='lat' dir='ltr'><strong>magni</strong></span> <span class='ocrx_word' id='word_1_214' title='bbox 620 1708 725 1750; x_wconf 86' lang='lat' dir='ltr'><strong>iecur,</strong></span> <span class='ocrx_word' id='word_1_215' title='bbox 744 1708 926 1745; x_wconf 83' lang='lat' dir='ltr'><strong>anseribus</strong></span> <span class='ocrx_word' id='word_1_216' title='bbox 939 1719 1003 1756; x_wconf 87' lang='lat' dir='ltr'><strong>par</strong></span> 
     </span>
     <span class='ocr_line' id='line_1_34' title="bbox 59 1756 1112 1806; baseline -0.001 -15"><span class='ocrx_word' id='word_1_217' title='bbox 59 1756 174 1800; x_wconf 81' lang='lat' dir='ltr'><strong>altilis,</strong></span> <span class='ocrx_word' id='word_1_218' title='bbox 190 1763 221 1793; x_wconf 93' lang='lat' dir='ltr'><strong>et</strong></span> <span class='ocrx_word' id='word_1_219' title='bbox 234 1757 314 1794; x_wconf 86' lang='lat' dir='ltr'><strong>ssavi</strong></span> <span class='ocrx_word' id='word_1_220' title='bbox 329 1758 458 1805; x_wconf 83' lang='lat' dir='ltr'><strong>dignus</strong></span> <span class='ocrx_word' id='word_1_221' title='bbox 471 1757 560 1794; x_wconf 82' lang='lat' dir='ltr'><strong>ferro</strong></span> <span class='ocrx_word' id='word_1_222' title='bbox 572 1757 733 1806; x_wconf 81' lang='lat' dir='ltr'><strong>Meleagri</strong></span> <span class='ocrx_word' id='word_1_223' title='bbox 1062 1764 1112 1790; x_wconf 82' lang='lat'><strong>115</strong></span> 
     </span>
    </p>
   </div>
  </div>
 </body>
</html>
