1252 2025
427 68 613 97 SATIRA
646 69 689 97 X.
985 66 1042 98 411

25 104 29 187 ἔ
68 139 137 173 Iam
155 142 242 173 tenet
255 133 403 171 Italiam:
434 139 546 168 tamen
562 133 649 168 ultra
666 143 805 181 pergere
819 133 940 169 tendit.

24 212 26 218 .
69 190 196 227 Actum,
213 185 335 230 inquit,
352 185 438 218 nihil
456 190 514 224 est,
533 187 599 218 nisi
614 185 721 218 Poeno
736 186 840 218 milite
849 189 972 228 portas
1069 190 1120 218 155

66 238 261 280 haiminus,
279 239 308 268 ec
323 236 432 267 media
447 235 610 267 rea-illam
624 244 711 276 pono
725 231 876 268 Subura.

67 284 95 319 O
109 283 219 330 qualis
234 281 333 317 facies
347 287 378 317 et
391 282 487 328 quali
504 281 608 328 digna
624 281 758 322 tabella,

22 341 25 353 ¹
67 344 176 379 quum
189 331 330 367 Gaetula
344 331 467 366 ducem
487 337 633 376 portaret
647 330 748 366 belua
764 329 919 365 luscum!

68 382 187 417 Exitus
199 387 278 428 'ergo
292 381 372 427 quis
387 380 462 415 est‘?
488 381 516 414 O
534 380 660 427 gloria!
691 380 841 415 vincitur
855 379 947 414 idem

66 441 195 477 nempe,
216 434 248 465 et
267 430 302 464 in
322 429 486 465 exsilium
506 440 668 475 praeceps
691 428 772 470 abit,
790 434 892 475 atque
910 428 959 464 ibi
974 439 1048 464 ma-

594 490 686 513 ffnus
1067 484 1118 511 160

65 527 310 573 mirandusque
323 526 430 562 cliens
445 526 538 561 sedet
553 504 779 572 adopraetoria
794 536 897 573 regis,

64 577 168 612 donec
180 577 328 624 Bithyno
342 575 445 610 libeat
459 576 602 622 vigilare
615 581 777 622 tyranno.

63 627 182 661 Finem
197 626 342 667 animae,
360 636 449 671 quae
463 636 516 659 res
531 624 703 659 humanas
718 623 857 658 miscuit
869 622 966 664 olim,

63 686 131 710 non
145 675 262 722 gladii,
281 685 349 708 non
363 685 445 707 saxa
459 673 604 714 dabunt,
625 685 693 707 non
708 673 786 714 tela,
803 672 864 707 sed
877 671 935 707 ille

63 724 261 759 Cannarum
278 720 405 755 vindex
418 731 456 754 ac
469 721 551 754 tanti
567 721 749 768 sanguinis
762 721 864 761 ultor,
1067 728 1118 755 165

63 771 228 807 annulus.
270 770 295 810 1,
313 769 466 810 demens,
483 775 514 804 et
527 781 646 804 saevas
661 781 758 804 curre
771 781 832 817 per
845 769 961 816 Alpes,

65 826 101 855 ut
115 820 230 866 pueris
244 818 376 864 placeas
389 824 420 853 et
433 818 634 853 declamatio
649 819 728 853 tias!

64 870 161 904 Unus
177 868 306 903 Pellaeo
320 868 436 902 iuveni
453 879 520 902 non
536 868 663 902 sufficit
676 867 770 903 orbis
781 881 804 903 :-

63 923 192 953 aestuat
207 916 326 952 infelix
341 921 487 964 angusto
503 917 611 952 limite
626 917 761 959 mundi,

64 972 100 1002 ut
114 967 247 1014 Gyarae
260 966 399 1000 clausus
414 966 564 1012 scopulis
580 978 755 1013 parvaque
769 966 922 1012 Seripho.
1064 974 1114 1001 170

61 1016 177 1059 Quum
192 1021 306 1050 tamen
322 1027 340 1050 a
356 1015 472 1062 figulis
486 1017 657 1051 munitam
673 1016 849 1051 intraverit
863 1016 998 1056 urbem,

60 1065 272 1111 sarcophago
284 1070 462 1100 contentus
477 1066 551 1100 erit.
605 1067 696 1101 Mors
709 1065 780 1100 sola
793 1064 926 1106 fatetur,

60 1114 229 1160 quantula
243 1114 313 1148 sint
326 1113 508 1149 hominum
523 1114 739 1160 corpuscula.
780 1114 938 1149 Creditur
951 1113 1035 1149 olim

60 1163 250 1198 velificatus
263 1162 382 1203 Athos,
398 1168 430 1197 et
442 1163 616 1208 quidquid
629 1163 769 1197 Graecia
784 1163 935 1199 mendax

59 1211 160 1246 audet
175 1211 210 1244 in
223 1210 382 1245 historia:
411 1215 622 1246 constratum
636 1211 808 1246 classibus
825 1213 935 1248 isdem
1063 1219 1113 1247 175

57 1258 345 1305 suppositumque
359 1258 439 1293 rotis
454 1258 606 1294 solidum
621 1272 734 1296 mare:
763 1261 937 1298 credimus
951 1261 1036 1297 altos

58 1307 218 1343 defecisse
231 1317 350 1341 amnes
365 1312 531 1353 epotaque
544 1308 688 1344 flumina
703 1309 803 1343 Medo

58 1356 254 1403 prandente,
271 1361 303 1391 et
318 1356 468 1391 madidis
482 1363 594 1392 cantat
608 1369 697 1403 quae
710 1358 883 1392 Sostratus
897 1357 974 1393 alis.

58 1405 118 1441 Ille
130 1411 242 1441 tamen
257 1404 371 1451 qualis
386 1404 485 1440 rediit
499 1406 672 1442 Salamine
686 1406 813 1448 relicta,

59 1455 95 1490 in
106 1455 231 1490 Corum
244 1460 346 1500 atque
359 1455 493 1489 Eurum
507 1455 629 1491 solitus
645 1457 776 1491 saevire
789 1455 934 1503 flagellis
1059 1464 1110 1491 180

58 1503 235 1544 barbarus,
252 1503 369 1539 Aeolio
383 1516 565 1551 nunquam
580 1505 663 1541 haec
676 1518 711 1540 in
730 1516 862 1541 carcere
876 1516 1008 1551 passos,

59 1553 174 1598 ipsum
185 1553 411 1600 compedibus
425 1555 487 1600 qui
505 1555 661 1590 vinxerat
674 1555 958 1602 Ennosigaeum?

59 1602 174 1637 Mitius
188 1603 224 1638 id
243 1614 336 1644 sane,
354 1604 448 1649 quod
462 1615 530 1639 non
549 1610 580 1639 et
594 1605 750 1653 stigmate
764 1604 913 1652 dignum

58 1651 209 1687 credidit.
248 1653 335 1687 Huic
349 1653 537 1700 quisquam
553 1654 653 1689 vellet
666 1655 794 1690 servire
805 1654 975 1690 deorum‘?

60 1698 127 1736 Sed
139 1701 250 1749 qualis
263 1701 386 1738 rediit?
412 1714 535 1751 nempe
548 1715 618 1740 una
633 1715 731 1746 nave,
748 1705 898 1739 cruentis
1059 1711 1107 1738 135
