1252 2025
367 106 554 138 SATIRA
580 106 667 136 xw.
945 103 1008 136 143

30 179 187 215 festinare
200 171 316 210 iubet?
340 171 515 207 Meliorem
530 177 664 219 praesto
677 170 845 219 magistro

31 225 251 273 discipulum.
288 221 438 257 Securus
451 222 526 257 abi:
556 222 717 262 vinceris,
733 226 772 256 ut
787 222 875 256 Aiax

32 272 443 323 praeteriitff'l'elamonem.
460 277 498 307 ut
513 271 611 307 Pelea
626 271 709 307 vicit
720 270 886 306 Achilles.

32 323 239 361 Parcendum
261 327 313 358 est
338 322 484 358 teneris:
530 321 687 356 nondum
717 319 904 367 implevere
932 331 1007 357 mer

557 370 674 406 duitas
1032 377 1083 405 215

0 440 1 456 l
32 428 172 459 naturae
182 419 271 456 mala
287 420 471 466 nequitiae.
515 419 635 463 Quum
648 424 780 466 pectere
793 419 939 455 barbam

0 464 2 500 l
30 472 172 518 coeperit
184 476 216 506 et
229 469 322 516 longi
338 480 538 504 mucronem
557 470 738 504 admittere
749 468 863 511 cultri,

0 534 2 596 V
30 520 136 557 falsus
148 520 210 555 erit
224 521 332 560 testis,
349 519 474 553 vendet
486 519 636 565 periuria
649 529 788 553 summa

30 571 166 617 exigua,
181 569 312 605 Cereris
327 574 472 615 tangens
486 578 651 613 aramque
665 567 869 613 pedemque.

30 618 160 654 Etutam
175 619 243 653 iam
256 617 356 653 crede
373 628 516 658 nurum,
533 617 563 651 si
578 616 699 651 timna
715 621 828 650 vestra
1033 623 1084 651 '220

30 667 198 703 mortifera
211 678 292 702 cum
310 667 387 701 dote
401 666 507 701 subit.
548 665 684 708 Quibus
700 665 757 700 illa
771 669 946 711 premetur

0 716 2 722 '
30 728 89 762 per
103 725 268 750 somnum
282 714 420 760 digitis!
449 715 537 747 Nam
552 724 641 759 quae
656 718 812 758 terraque
826 714 987 760 marique

30 762 236 810 acquirenda
250 767 361 808 putas,
380 761 515 796 brevior
528 762 583 797 via
598 761 746 797 conferet
759 761 828 796 illi:

31 813 151 850 nullus
170 812 264 848 enim
282 811 400 859 magni
421 810 559 846 sceleris
578 811 684 846 labor.
729 811 822 847 Haec
840 822 898 856 eqo
914 822 1012 847 num-

562 870 667 904 quam

0 918 4 952 t
31 913 200 950 mamaei,
215 908 308 944 dices
321 907 418 949 olim,
436 919 496 944 nec
510 911 597 944 talia
609 912 718 944 suasi.
1034 915 1084 944 225

31 960 152 995 Mentis
166 971 268 994 causa
283 958 393 993 malae
407 964 520 993 tamen
535 963 585 993 aet
599 963 632 992 et
644 958 740 1005 origo
753 967 858 1004 penes
875 963 920 993 te.

30 1010 118 1044 Nam
133 1009 295 1055 quisquis
308 1008 427 1055 magni
441 1019 567 1043 census
582 1008 751 1053 praecepit
764 1018 930 1049 amorem,

29 1064 62 1093 et
78 1058 173 1093 laevo
187 1059 317 1092 monitu
333 1068 457 1102 pueros
471 1057 626 1103 producit
640 1068 773 1100 avaroS,

30 1106 149 1156 [etqui
164 1118 222 1153 per
237 1106 374 1142 fraudes
388 1107 592 1152 patrimonia
606 1104 860 1153 conduplicare]

29 1157 86 1191 dat
101 1156 289 1192 libertatem
303 1161 336 1191 et
350 1161 436 1191 totas
449 1156 570 1191 effudit
583 1156 736 1191 habenas
1032 1159 1083 1188 230

29 1205 218 1241 curriculo:
246 1216 351 1251 quem
366 1205 396 1238 si
412 1215 559 1243 revoces,
576 1204 767 1237 subsistere
784 1202 902 1240 nescit.

28 1259 60 1289 et
72 1259 104 1288 te
116 1259 285 1288 contemto
301 1253 443 1296 rapitur,
459 1252 632 1296 metisque
645 1250 782 1285 relictis.

28 1303 134 1337 Nemo
147 1301 229 1336 satis
240 1300 350 1335 credit
360 1305 495 1335 tantum
508 1299 722 1345 delinquere,
739 1304 910 1344 quantum

27 1351 221 1397 permittas:
250 1349 334 1384 adeo
346 1348 530 1394 indulgent
543 1348 611 1382 sibi
626 1348 729 1382 latius
747 1348 824 1394 ipsi.

28 1399 145 1443 Quum
161 1399 247 1434 dicis
260 1398 379 1432 iuveni
394 1397 553 1438 stultum,
569 1397 631 1443 qui
648 1397 753 1432 donet
765 1398 886 1439 amico,
1031 1405 1082 1435 235

29 1449 90 1496 qui
104 1452 335 1494 paupertatem
351 1446 439 1482 levet
454 1446 653 1492 attollatque
670 1447 879 1493 propinqui:

29 1502 62 1533 et
74 1497 218 1544 spoliare
230 1497 344 1537 doceS‚
361 1502 394 1531 et
409 1496 702 1538 circumscribere,
722 1501 759 1532 et
767 1495 865 1531 omni

30 1547 172 1582 crimine
184 1546 322 1582 divitias
339 1547 527 1593 acquirere,
545 1557 698 1592 qum-um
709 1555 807 1581 amor
819 1545 857 1580 in
873 1549 981 1586 west,

31 1601 182 1642 quantus
193 1601 266 1631 erat
277 1597 407 1642 patriae
420 1596 600 1631 Deciorum
615 1596 651 1630 iu
664 1599 809 1642 pectore,
825 1600 1000 1642 quanam

31 1643 153 1680 dilexit
163 1645 308 1687 Thebas,
324 1646 354 1680 si
369 1645 508 1681 Graecia
523 1656 612 1686 vera,
629 1645 848 1680 Menoeceus:
1031 1649 1083 1678 240

32 1693 69 1728 in
86 1705 237 1740 quarum
245 1694 352 1731 sulcis
370 1695 522 1743 legiones
539 1694 703 1730 dentibus
714 1693 843 1742 anguis

30 1752 113 1778 cum
124 1742 252 1794 clypeis
266 1751 499 1783 nascunturet
510 1744 649 1781 horrida
662 1743 752 1781 bella
764 1747 950 1792 capessunt
