1406 2047
252 265 285 292 85

251 510 285 538 90

251 757 283 786 95

251 1005 301 1032 100

251 1251 302 1278 105

253 1498 304 1526 110

327 92 368 124 46
680 96 958 128 IUVENALIS

326 160 492 195 advectus
507 161 664 203 Romam,
682 172 752 208 quo
765 174 876 209 pruna
890 169 922 199 et
935 169 1067 200 cottana
1081 164 1206 200 vento?

325 210 443 256 Usque
456 210 539 245 adeo
558 211 645 245 nihil
661 217 723 253 est,
741 212 836 258 quod
850 219 964 248 nostra
984 214 1125 249 infantia
1141 215 1276 251 coelum

322 259 438 294 hausit
451 259 675 303 Aventinum,
694 262 794 297 bacca
810 263 935 298 nutrita
950 263 1075 298 Sabina
1083 263 1101 298 ἶ)

323 308 428 351 Quid,
446 309 539 355 quod
551 310 713 345 adulandi
730 322 816 357 gens
832 312 1099 357 prudentissima
1115 312 1230 349 laudat

323 369 517 393 sermonem
537 359 677 401 indocti,
695 359 815 395 faciem
830 360 993 396 deformis
1008 363 1121 403 amici,

323 413 355 441 et
370 407 538 454 longum
530 420 589 443 inv
593 387 677 443 alidi
689 409 818 445 collum
833 411 1025 446 cervicibus
1039 418 1163 458 aequat

322 457 491 498 Herculis,
510 457 681 493 Antaeum
697 459 815 504 procul
831 471 849 494 a
865 459 986 495 tellure
1000 462 1156 504 tenentis,

323 506 470 540 miratur
483 517 602 542 vocem
617 514 814 555 angustam,
834 521 903 555 qua
917 510 1068 545 deterius
1083 521 1146 546 nec

323 555 382 590 ille
399 561 508 597 sonat,
527 567 597 603 quo
611 559 788 593 mordetur
801 559 931 606 gallina
946 561 1083 595 marito.

322 605 410 639 Haec
422 605 542 640 eadem
557 606 633 641 licet
647 613 678 642 et
693 608 793 643 nobis
808 609 966 644 laudare:
995 610 1056 644 sed
1072 609 1140 644 illis

321 654 484 689 creditur
496 655 691 697 Anmelior,
703 669 813 703 quum
823 658 1120 701 Thaidasustinet,
1132 670 1174 694 an
1181 670 1309 706 ‚quum

322 714 468 738 uxorem
481 706 666 740 comoedus
681 707 762 753 agit,
780 707 833 742 vel
852 707 976 742 Dorida
992 708 1088 743 nullo

321 751 450 787 cultam
464 753 628 798 palliolo?
654 756 778 790 Mulier
792 768 916 802 nempe
935 758 1007 802 ipsa
1024 757 1174 796 videtur,

321 812 391 836 non
404 812 561 846 persona,
580 803 693 846 loqui:
723 813 830 835 vacua
843 810 876 835 et
891 805 993 846 plana
1006 805 1123 837 omnia
1137 804 1231 839 dicas

322 849 412 885 infra
427 850 671 890 ventriculum,
689 855 721 883 et
736 850 829 884 tenui
848 850 1010 885 distantia
1029 852 1131 886 rima.

322 901 391 934 Nec
405 904 540 934 tantum
559 899 762 940 Antiochus,
781 911 842 934 nec
855 900 919 934 erit
932 901 1103 936 mirabilis
1122 901 1193 936 illic

322 955 381 984 aut
395 948 587 990 Stratocles,
604 954 664 983 aut
676 960 757 984 cum
773 948 867 984 molli
885 950 1077 985 Demetrius
1093 951 1240 986 Haemo:

322 999 414 1033 natio
429 998 590 1033 comoeda
604 1004 664 1033 est.
706 998 834 1033 Rides?
859 1000 988 1034 maiore
999 1000 1169 1035 cachinno

321 1048 532 1082 concutitur:
564 1047 630 1087 flet.
648 1048 676 1082 si
693 1047 863 1083 lacrumas
877 1050 1057 1094 conspexit
1071 1050 1185 1092 amici,

322 1108 385 1132 nec
398 1096 505 1131 dolet:
534 1096 728 1143 igniculum
744 1097 889 1133 brumae
906 1099 934 1133 si
951 1104 1102 1145 tempore
1116 1111 1249 1145 poscas,

323 1146 444 1191 accipit
458 1146 682 1180 endromiden
697 1160 703 1181 z
733 1148 762 1181 si
778 1148 908 1183 dixeris
923 1154 1100 1190 »aestuo«,
1116 1149 1232 1184 sudat.

323 1197 398 1230 Non
414 1206 540 1230 sumus
554 1206 634 1241 ergo
648 1206 765 1239 pares;
791 1196 924 1237 melior,
942 1198 1003 1242 qui
1020 1209 1158 1243 semper
1169 1205 1202 1234 et
1215 1200 1310 1234 omni

322 1249 420 1280 nocie
434 1244 559 1290 dieque
573 1249 682 1289 potest
695 1243 847 1278 alienum
862 1256 999 1279 sumere
1014 1245 1164 1286 vultum,

323 1306 341 1329 a
357 1293 440 1328 facie
455 1294 578 1327 iactare
591 1305 728 1334 manus,
747 1293 887 1328 laudare
900 1300 1052 1340 paratus,

322 1343 352 1378 si
366 1343 453 1377 bene
467 1343 624 1383 ructavit,
642 1343 671 1376 si
687 1348 817 1377 rectum
832 1344 958 1378 minxit
973 1345 1118 1386 amicus,

323 1393 352 1428 si
369 1391 472 1426 trulla
485 1391 624 1426 inverso
635 1392 804 1437 crepitum
818 1392 912 1426 dedit
926 1404 1026 1427 aurea
1041 1392 1162 1428 fundo.

324 1443 497 1477 Praeterea
513 1445 671 1475 sanctum
687 1440 773 1475 nihil
789 1446 885 1476 estet
899 1442 942 1477 ab
958 1442 1100 1489 inguine
1117 1447 1250 1487 tutum3

325 1503 394 1527 non
408 1496 567 1526 matrona
581 1490 674 1532 laris,
693 1501 761 1526 non
777 1490 847 1525 filia
863 1491 971 1539 virgo,
989 1503 1100 1538 neque
1115 1493 1188 1539 ipse

324 1552 475 1586 sponsus
490 1540 576 1575 levis
591 1540 715 1582 adhuc,
735 1551 803 1575 non
819 1540 913 1576 silius
927 1547 1004 1576 ante
1017 1542 1178 1588 pudicus.

325 1591 456 1625 Ilorum
471 1591 499 1623 si
516 1589 604 1624 nihil
619 1595 680 1631 est,
698 1590 811 1625 aviam
827 1591 1002 1637 resupinat
1016 1592 1130 1626 amici.

325 1639 419 1674 Scire
433 1638 555 1674 volunt
569 1645 695 1674 secreta
709 1640 848 1682 domuS,
865 1646 966 1688 atque
980 1640 1059 1675 inde
1073 1641 1200 1675 timeri.

376 1689 419 1724 Et
432 1688 574 1734 quando
591 1690 702 1735 coepit
717 1690 927 1725 Graecorum
942 1691 1081 1731 mentio,
1099 1691 1207 1725 transi

255 1745 306 1773 115
327 1739 524 1788 gymnasia,
541 1743 645 1786 atque
663 1740 745 1775 audi
760 1739 893 1776 facinus
907 1740 1047 1776 maioris
1063 1739 1204 1776 abollae.
