1406 2047
439 114 627 143 SATIRA
653 114 691 142 ΙΙ.
1011 109 1046 143 41

71 184 135 218 Res
150 179 372 217 memoranda
388 180 488 215 novis
504 179 689 215 annalibus
704 183 807 224 atque
824 179 949 214 recenti

70 232 210 267 historia
223 229 403 276 speculum
417 230 530 264 civilis
549 230 681 265 sarcina
696 228 791 264 belli.

70 281 242 316 Nimirum
259 279 390 313 summi
405 278 504 312 ducis
518 283 579 319 est,
596 279 746 313 occidere
761 276 922 318 Galbam,

69 334 101 365 et
113 340 232 364 curare
245 333 379 371 cutem,
373 340 378 345 ·
409 328 539 361 summi
553 326 743 361 constantia
758 326 856 367 civis,

69 377 245 414 Bebriaci
237 389 271 412 in
286 388 408 432 campo
422 376 573 422 spolium
590 376 743 410 affectare
757 374 876 416 Palati,

69 433 101 463 et
114 438 274 473 pressum
289 427 324 461 in
339 426 459 461 faciem
474 426 592 473 digitis
606 424 787 460 extendere
805 435 949 470 panem3

69 476 164 523 quod
179 487 241 511 nec
255 476 291 510 in
304 476 449 523 Assyrio
462 475 654 520 pharetrata
669 474 870 509 Semiramis
885 473 979 514 orbe,

70 530 200 561 moesta
219 536 281 560 nec
295 525 429 560 Actiaca
443 524 519 559 fecit
532 524 708 568 Cleopatra
722 534 778 556 cai
782 523 848 556 ina.

71 576 133 610 Hic
151 574 271 610 nullus
286 575 402 609 verbis
416 573 539 619 pudor,
559 578 617 607 aut
630 571 818 606 reverentia
836 582 989 607 mensae.

71 625 134 659 Hic
150 625 261 670 turpis
276 622 422 671 Cybeles
437 628 469 657 et
481 621 586 656 fracta
599 633 681 657 voce
697 621 862 667 loquendi

72 674 224 715 libertas,
242 677 274 708 et
286 673 380 708 crine
394 683 499 707 senex
512 671 719 717 phanaticus
734 670 813 705 albo

73 734 250 758 sacrorum
265 723 420 763 antistes,
438 733 557 756 rarum
576 733 614 755 ao
628 719 853 755 memoiabile
865 719 986 766 magni

74 772 225 819 gutturis
239 771 440 816 exemplum
455 770 773 815 conducendusque
787 770 960 815 magister.

75 820 169 865 Quid
183 825 297 856 tamen
313 822 524 863 exspectant,
544 819 695 863 Phrygio
706 829 794 860 quos
810 825 946 863 tempus
961 822 1032 852 erat

685 876 753 899 iam

78 930 172 955 more
185 928 437 964 supervacuam
449 916 569 951 cultris
584 916 791 961 abrumpere
803 915 966 951 carnem?

77 969 336 1015 Quadringenta
351 967 444 1002 dedit
459 967 635 1002 Gracchus
649 965 800 1001 sestertia
814 965 928 1000 dotem

77 1018 256 1057 comicini
274 1018 349 1053 sive
362 1017 419 1051 hic
432 1021 522 1051 recto
532 1021 726 1051 cantaverat
740 1026 827 1050 aere.

77 1068 239 1115 Signatae
256 1066 414 1110 tabulae3
445 1066 575 1101 dictum
590 1065 764 1100 Feliciter'
794 1065 921 1110 Ingens

78 1129 182 1153 coena
197 1116 309 1152 sedet:
337 1117 470 1162 gremio
485 1116 588 1150 iacuit
605 1126 694 1149 nova
709 1118 815 1158 nupta
830 1111 954 1146 maliti.

79 1167 108 1201 O
123 1177 290 1212 proceres,
308 1175 448 1198 censore
460 1175 549 1218 opus
563 1169 624 1204 est,
643 1175 684 1197 an
701 1161 884 1207 haruspice
898 1159 1024 1197 nobis?

79 1215 213 1251 Scilicet
228 1214 396 1254 horreres,
413 1213 615 1257 maioraque
629 1217 782 1246 monstra
789 1215 940 1257 putares,

79 1265 108 1300 si
123 1262 250 1298 mulier
263 1262 415 1297 vitulum
431 1261 485 1296 vel
500 1262 530 1296 si
548 1262 610 1296 hos
625 1261 737 1296 ederet
751 1259 920 1308 agnum?

78 1314 263 1360 Segmenta
276 1316 309 1346 et
321 1310 442 1358 longos
456 1311 597 1346 habitus
612 1316 643 1345 et
657 1310 817 1346 flammea
831 1310 951 1351 sumit,

79 1373 202 1398 arcano
217 1361 279 1407 qui
294 1371 389 1394 sacra
381 1339 516 1394 Dferens
530 1360 686 1395 nutantia
705 1360 777 1394 loro

79 1411 220 1448 sudavit
233 1409 365 1457 clypeis
383 1409 568 1443 ancilibus.
613 1409 642 1443 Ο
656 1414 751 1454 pater
764 1408 879 1449 Urbis,

80 1461 175 1498 unde
189 1459 285 1495 nefas
303 1463 438 1494 tantum
453 1459 559 1492 Latiis
574 1457 797 1513 pastoribus?
821 1456 915 1492 unde

81 1512 165 1546 haec
178 1510 300 1557 tetigit,
321 1508 483 1548 Gradive
508 1512 584 1542 tuos
598 1507 706 1542 urtica
719 1505 884 1553 nepotes?

82 1560 245 1596 Traditur
258 1570 334 1594 ecce
351 1558 426 1593 viro
443 1557 558 1592 clarus
571 1568 696 1604 genere
709 1562 812 1603 atque
825 1555 951 1602 opibus
970 1553 1043 1590 vir:

85 1621 147 1646 nec
160 1609 293 1657 galeam
309 1619 466 1654 quassaS,
486 1618 547 1641 nec
561 1612 685 1641 terram
700 1606 843 1652 cuspide
857 1604 989 1651 pulsas,

86 1670 148 1695 nec
161 1659 318 1705 quereris
331 1662 407 1704 patl
410 1656 444 1691 i‘?
470 1656 564 1692 Vade
576 1666 657 1704 ergo
669 1661 700 1692 et
717 1656 798 1691 cede
811 1655 923 1690 severi

86 1709 267 1756 iugeribus
282 1707 416 1754 Campi,
438 1718 544 1753 quem
559 1706 725 1754 negligis!
756 1706 915 1751 Officium
933 1714 1011 1740 cras

84 1762 198 1803 primo
210 1760 279 1794 sole
292 1760 374 1794 mihi
382 1759 615 1804 perayendmn
632 1759 669 1792 in
653 1734 770 1793 evall&
785 1756 933 1799 Quirini.

1078 332 1128 359 105

1080 577 1132 605 110

1085 873 1136 900 115

1089 1119 1139 1146 120

1092 1364 1142 1392 125

1094 1610 1145 1638 130
