<?xml version="1.0" encoding="UTF-8"?>
<!DOCTYPE html PUBLIC "-//W3C//DTD XHTML 1.0 Transitional//EN"
    "http://www.w3.org/TR/xhtml1/DTD/xhtml1-transitional.dtd">
<html xmlns="http://www.w3.org/1999/xhtml" xml:lang="en" lang="en">
 <head>
  <title>
</title>
<meta http-equiv="Content-Type" content="text/html;charset=utf-8" />
  <meta name='ocr-system' content='tesseract 3.04.00' />
  <meta name='ocr-capabilities' content='ocr_page ocr_carea ocr_par ocr_line ocrx_word'/>
</head>
<body>
  <div class='ocr_page' id='page_1' title='image "apersiiflaccietd00persuoft_0059.png"; bbox 0 0 1406 2047; ppageno 0'>
   <div class='ocr_carea' id='block_1_1' title="bbox 414 74 1041 109">
    <p class='ocr_par' dir='ltr' id='par_1_1' title="bbox 414 74 1041 109">
     <span class='ocr_line' id='line_1_1' title="bbox 414 74 1041 109; baseline -0.003 -2"><span class='ocrx_word' id='word_1_1' title='bbox 414 77 603 107; x_wconf 84' lang='lat' dir='ltr'><strong>SATIRA</strong></span> <span class='ocrx_word' id='word_1_2' title='bbox 627 77 687 106; x_wconf 86' lang='lat'>111.</span> <span class='ocrx_word' id='word_1_3' title='bbox 1000 74 1041 109; x_wconf 74' lang='grc'>47</span> 
     </span>
    </p>
   </div>
   <div class='ocr_carea' id='block_1_2' title="bbox 55 143 1118 1766">
    <p class='ocr_par' dir='ltr' id='par_1_2' title="bbox 55 143 863 242">
     <span class='ocr_line' id='line_1_2' title="bbox 55 143 820 186; baseline -0.005 -4"><span class='ocrx_word' id='word_1_4' title='bbox 55 146 190 182; x_wconf 86' lang='lat' dir='ltr'>Stoicus</span> <span class='ocrx_word' id='word_1_5' title='bbox 207 143 329 180; x_wconf 88' lang='lat' dir='ltr'>occidit</span> <span class='ocrx_word' id='word_1_6' title='bbox 342 145 496 186; x_wconf 88' lang='lat' dir='ltr'>Baream,</span> <span class='ocrx_word' id='word_1_7' title='bbox 513 144 643 180; x_wconf 86' lang='lat' dir='ltr'>delator</span> <span class='ocrx_word' id='word_1_8' title='bbox 656 144 820 186; x_wconf 86' lang='lat' dir='ltr'>amicum,</span> 
     </span>
     <span class='ocr_line' id='line_1_3' title="bbox 56 193 863 242; baseline -0.004 -11"><span class='ocrx_word' id='word_1_9' title='bbox 56 195 337 242; x_wconf 85' lang='lat' dir='ltr'>discipulumque</span> <span class='ocrx_word' id='word_1_10' title='bbox 350 206 468 235; x_wconf 81' lang='lat' dir='ltr'><strong>senex,</strong></span> <span class='ocrx_word' id='word_1_11' title='bbox 486 195 558 240; x_wconf 88' lang='lat' dir='ltr'>ripa</span> <span class='ocrx_word' id='word_1_12' title='bbox 574 195 726 229; x_wconf 81' lang='lat' dir='ltr'>nutritus</span> <span class='ocrx_word' id='word_1_13' title='bbox 741 194 776 228; x_wconf 91' lang='lat' dir='ltr'>in</span> <span class='ocrx_word' id='word_1_14' title='bbox 792 193 863 234; x_wconf 85' lang='lat' dir='ltr'>illa,</span> 
     </span>
    </p>

    <p class='ocr_par' dir='ltr' id='par_1_3' title="bbox 57 242 896 291">
     <span class='ocr_line' id='line_1_4' title="bbox 57 242 896 291; baseline -0.004 -11"><span class='ocrx_word' id='word_1_15' title='bbox 57 246 217 291; x_wconf 86' lang='lat' dir='ltr'>adquam</span> <span class='ocrx_word' id='word_1_16' title='bbox 232 244 403 290; x_wconf 75' lang='lat' dir='ltr'>Gorgonei</span> <span class='ocrx_word' id='word_1_17' title='bbox 420 244 558 290; x_wconf 83' lang='lat' dir='ltr'>delapsa</span> <span class='ocrx_word' id='word_1_18' title='bbox 572 249 622 279; x_wconf 85' lang='lat' dir='ltr'>est</span> <span class='ocrx_word' id='word_1_19' title='bbox 635 255 748 290; x_wconf 88' lang='lat' dir='ltr'>penna</span> <span class='ocrx_word' id='word_1_20' title='bbox 761 242 896 278; x_wconf 84' lang='lat' dir='ltr'><strong>caballi.</strong></span> 
     </span>
    </p>

    <p class='ocr_par' dir='ltr' id='par_1_4' title="bbox 56 293 1115 439">
     <span class='ocr_line' id='line_1_5' title="bbox 57 293 961 340; baseline -0.003 -11"><span class='ocrx_word' id='word_1_21' title='bbox 57 296 133 329; x_wconf 87' lang='lat' dir='ltr'>Non</span> <span class='ocrx_word' id='word_1_22' title='bbox 146 299 196 328; x_wconf 89' lang='lat' dir='ltr'>est</span> <span class='ocrx_word' id='word_1_23' title='bbox 210 294 365 328; x_wconf 87' lang='lat' dir='ltr'>Romano</span> <span class='ocrx_word' id='word_1_24' title='bbox 378 295 544 340; x_wconf 84' lang='lat' dir='ltr'>cuiquam</span> <span class='ocrx_word' id='word_1_25' title='bbox 561 294 655 329; x_wconf 92' lang='lat' dir='ltr'>locus</span> <span class='ocrx_word' id='word_1_26' title='bbox 676 294 743 335; x_wconf 85' lang='lat' dir='ltr'>hic,</span> <span class='ocrx_word' id='word_1_27' title='bbox 759 293 819 328; x_wconf 90' lang='lat' dir='ltr'>ubi</span> <span class='ocrx_word' id='word_1_28' title='bbox 840 298 961 340; x_wconf 75' lang='lat' dir='ltr'>regnat</span> 
     </span>
     <span class='ocr_line' id='line_1_6' title="bbox 57 342 1115 389; baseline -0.003 -11"><span class='ocrx_word' id='word_1_29' title='bbox 57 345 261 389; x_wconf 80' lang='lat' dir='ltr'><strong>Protogenes</strong></span> <span class='ocrx_word' id='word_1_30' title='bbox 275 343 414 389; x_wconf 83' lang='lat' dir='ltr'>aliquis,</span> <span class='ocrx_word' id='word_1_31' title='bbox 433 344 485 378; x_wconf 76' lang='lat' dir='ltr'>vel</span> <span class='ocrx_word' id='word_1_32' title='bbox 505 343 675 389; x_wconf 78' lang='lat' dir='ltr'>Diphilus,</span> <span class='ocrx_word' id='word_1_33' title='bbox 693 348 752 379; x_wconf 92' lang='lat' dir='ltr'>aut</span> <span class='ocrx_word' id='word_1_34' title='bbox 764 342 1002 384; x_wconf 88' lang='lat' dir='ltr'>Erimarchus,</span> <span class='ocrx_word' id='word_1_35' title='bbox 1064 347 1115 376; x_wconf 85' lang='lat'>120</span> 
     </span>
     <span class='ocr_line' id='line_1_7' title="bbox 56 392 894 439; baseline -0.001 -12"><span class='ocrx_word' id='word_1_36' title='bbox 56 393 116 439; x_wconf 90' lang='lat' dir='ltr'>qui</span> <span class='ocrx_word' id='word_1_37' title='bbox 131 392 244 439; x_wconf 80' lang='lat' dir='ltr'>gentis</span> <span class='ocrx_word' id='word_1_38' title='bbox 260 393 343 427; x_wconf 85' lang='lat' dir='ltr'>vitio</span> <span class='ocrx_word' id='word_1_39' title='bbox 358 405 552 439; x_wconf 83' lang='lat' dir='ltr'><strong>numquam</strong></span> <span class='ocrx_word' id='word_1_40' title='bbox 570 394 714 439; x_wconf 86' lang='lat' dir='ltr'>partitur</span> <span class='ocrx_word' id='word_1_41' title='bbox 727 393 894 434; x_wconf 88' lang='lat' dir='ltr'>amicum,</span> 
     </span>
    </p>

    <p class='ocr_par' dir='ltr' id='par_1_5' title="bbox 55 441 1035 538">
     <span class='ocr_line' id='line_1_8' title="bbox 55 441 1035 489; baseline 0 -14"><span class='ocrx_word' id='word_1_42' title='bbox 55 441 150 476; x_wconf 88' lang='lat' dir='ltr'>solus</span> <span class='ocrx_word' id='word_1_43' title='bbox 166 442 280 476; x_wconf 86' lang='lat' dir='ltr'>habet.</span> <span class='ocrx_word' id='word_1_44' title='bbox 322 443 410 477; x_wconf 87' lang='lat' dir='ltr'>Nam</span> <span class='ocrx_word' id='word_1_45' title='bbox 424 455 534 489; x_wconf 83' lang='lat' dir='ltr'>quum</span> <span class='ocrx_word' id='word_1_46' title='bbox 552 443 686 477; x_wconf 83' lang='lat' dir='ltr'>facilem</span> <span class='ocrx_word' id='word_1_47' title='bbox 704 442 848 478; x_wconf 81' lang='lat' dir='ltr'>stillavit</span> <span class='ocrx_word' id='word_1_48' title='bbox 866 442 900 477; x_wconf 91' lang='lat' dir='ltr'>in</span> <span class='ocrx_word' id='word_1_49' title='bbox 917 451 1035 477; x_wconf 87' lang='lat' dir='ltr'>aurem</span> 
     </span>
     <span class='ocr_line' id='line_1_9' title="bbox 55 491 814 538; baseline 0 -12"><span class='ocrx_word' id='word_1_50' title='bbox 55 491 224 538; x_wconf 78' lang='lat' dir='ltr'>exiguum</span> <span class='ocrx_word' id='word_1_51' title='bbox 240 491 282 526; x_wconf 86' lang='lat' dir='ltr'>de</span> <span class='ocrx_word' id='word_1_52' title='bbox 300 497 442 527; x_wconf 88' lang='lat' dir='ltr'>naturae</span> <span class='ocrx_word' id='word_1_53' title='bbox 457 493 656 538; x_wconf 75' lang='lat' dir='ltr'>patriaeque</span> <span class='ocrx_word' id='word_1_54' title='bbox 670 502 814 534; x_wconf 88' lang='lat' dir='ltr'>veneno,</span> 
     </span>
    </p>

    <p class='ocr_par' dir='ltr' id='par_1_6' title="bbox 55 539 899 586">
     <span class='ocr_line' id='line_1_10' title="bbox 55 539 899 586; baseline -0.002 -12"><span class='ocrx_word' id='word_1_55' title='bbox 55 539 176 575; x_wconf 88' lang='lat' dir='ltr'>limine</span> <span class='ocrx_word' id='word_1_56' title='bbox 190 541 415 576; x_wconf 82' lang='lat' dir='ltr'>submoveor:</span> <span class='ocrx_word' id='word_1_57' title='bbox 446 542 621 586; x_wconf 81' lang='lat' dir='ltr'>perierunt</span> <span class='ocrx_word' id='word_1_58' title='bbox 637 547 788 586; x_wconf 85' lang='lat' dir='ltr'>tempora</span> <span class='ocrx_word' id='word_1_59' title='bbox 803 539 899 586; x_wconf 82' lang='lat' dir='ltr'>longi</span> 
     </span>
    </p>

    <p class='ocr_par' dir='ltr' id='par_1_7' title="bbox 55 588 1116 736">
     <span class='ocr_line' id='line_1_11' title="bbox 56 588 1116 636; baseline -0.003 -13"><span class='ocrx_word' id='word_1_60' title='bbox 56 590 203 624; x_wconf 87' lang='lat' dir='ltr'>servitii.</span> <span class='ocrx_word' id='word_1_61' title='bbox 254 591 439 636; x_wconf 83' lang='lat' dir='ltr'>Nusquam</span> <span class='ocrx_word' id='word_1_62' title='bbox 454 591 568 625; x_wconf 91' lang='lat' dir='ltr'>minor</span> <span class='ocrx_word' id='word_1_63' title='bbox 582 596 630 625; x_wconf 86' lang='lat' dir='ltr'>est</span> <span class='ocrx_word' id='word_1_64' title='bbox 648 591 775 624; x_wconf 82' lang='lat' dir='ltr'>iactura</span> <span class='ocrx_word' id='word_1_65' title='bbox 790 588 938 624; x_wconf 85' lang='lat' dir='ltr'>clientis.</span> <span class='ocrx_word' id='word_1_66' title='bbox 1066 593 1116 621; x_wconf 81' lang='lat'>125</span> 
     </span>
     <span class='ocr_line' id='line_1_12' title="bbox 55 636 999 684; baseline -0.001 -11"><span class='ocrx_word' id='word_1_67' title='bbox 55 638 155 682; x_wconf 84' lang='lat' dir='ltr'>Quod</span> <span class='ocrx_word' id='word_1_68' title='bbox 169 650 269 684; x_wconf 88' lang='lat' dir='ltr'>porro</span> <span class='ocrx_word' id='word_1_69' title='bbox 285 639 452 681; x_wconf 76' lang='lat' dir='ltr'>osticium,</span> <span class='ocrx_word' id='word_1_70' title='bbox 471 652 514 675; x_wconf 89' lang='lat' dir='ltr'>ne</span> <span class='ocrx_word' id='word_1_71' title='bbox 530 640 629 674; x_wconf 88' lang='lat' dir='ltr'>nobis</span> <span class='ocrx_word' id='word_1_72' title='bbox 643 639 814 680; x_wconf 82' lang='lat' dir='ltr'>blandiar,</span> <span class='ocrx_word' id='word_1_73' title='bbox 832 643 891 673; x_wconf 87' lang='lat' dir='ltr'>aut</span> <span class='ocrx_word' id='word_1_74' title='bbox 904 636 999 684; x_wconf 88' lang='lat' dir='ltr'>quod</span> 
     </span>
     <span class='ocr_line' id='line_1_13' title="bbox 56 689 909 736; baseline -0.001 -13"><span class='ocrx_word' id='word_1_75' title='bbox 56 689 218 734; x_wconf 87' lang='lat' dir='ltr'>pauperis</span> <span class='ocrx_word' id='word_1_76' title='bbox 236 689 293 724; x_wconf 87' lang='lat' dir='ltr'>hic</span> <span class='ocrx_word' id='word_1_77' title='bbox 306 690 482 732; x_wconf 82' lang='lat' dir='ltr'>meritum,</span> <span class='ocrx_word' id='word_1_78' title='bbox 500 690 529 725; x_wconf 88' lang='lat' dir='ltr'>si</span> <span class='ocrx_word' id='word_1_79' title='bbox 547 696 643 724; x_wconf 86' lang='lat' dir='ltr'>curet</span> <span class='ocrx_word' id='word_1_80' title='bbox 660 695 755 724; x_wconf 90' lang='lat' dir='ltr'>nocte</span> <span class='ocrx_word' id='word_1_81' title='bbox 773 693 909 736; x_wconf 78' lang='lat' dir='ltr'>togatus</span> 
     </span>
    </p>

    <p class='ocr_par' dir='ltr' id='par_1_8' title="bbox 57 738 939 833">
     <span class='ocr_line' id='line_1_14' title="bbox 57 738 930 783; baseline 0 -12"><span class='ocrx_word' id='word_1_82' title='bbox 57 748 205 778; x_wconf 83' lang='lat' dir='ltr'>currere,</span> <span class='ocrx_word' id='word_1_83' title='bbox 222 750 333 783; x_wconf 89' lang='lat' dir='ltr'>quum</span> <span class='ocrx_word' id='word_1_84' title='bbox 348 741 484 774; x_wconf 79' lang='lat' dir='ltr'>Praetor</span> <span class='ocrx_word' id='word_1_85' title='bbox 499 739 650 774; x_wconf 88' lang='lat' dir='ltr'>lictorem</span> <span class='ocrx_word' id='word_1_86' title='bbox 666 738 820 783; x_wconf 87' lang='lat' dir='ltr'>impellat</span> <span class='ocrx_word' id='word_1_87' title='bbox 834 743 866 772; x_wconf 90' lang='lat' dir='ltr'>et</span> <span class='ocrx_word' id='word_1_88' title='bbox 880 738 930 772; x_wconf 89' lang='lat' dir='ltr'>ire</span> 
     </span>
     <span class='ocr_line' id='line_1_15' title="bbox 60 787 939 833; baseline 0 -13"><span class='ocrx_word' id='word_1_89' title='bbox 60 787 281 831; x_wconf 83' lang='lat' dir='ltr'>praecipitem</span> <span class='ocrx_word' id='word_1_90' title='bbox 297 787 422 827; x_wconf 86' lang='lat' dir='ltr'>iubeat,</span> <span class='ocrx_word' id='word_1_91' title='bbox 439 788 574 821; x_wconf 89' lang='lat' dir='ltr'>dudum</span> <span class='ocrx_word' id='word_1_92' title='bbox 590 787 818 833; x_wconf 81' lang='lat' dir='ltr'>vigilantibus</span> <span class='ocrx_word' id='word_1_93' title='bbox 832 787 939 827; x_wconf 82' lang='lat' dir='ltr'>orbis,</span> 
     </span>
    </p>

    <p class='ocr_par' dir='ltr' id='par_1_9' title="bbox 60 834 1117 932">
     <span class='ocr_line' id='line_1_16' title="bbox 60 834 1117 883; baseline -0.001 -15"><span class='ocrx_word' id='word_1_94' title='bbox 60 847 102 869; x_wconf 88' lang='lat' dir='ltr'>ne</span> <span class='ocrx_word' id='word_1_95' title='bbox 117 835 210 880; x_wconf 88' lang='lat' dir='ltr'>prior</span> <span class='ocrx_word' id='word_1_96' title='bbox 228 835 388 870; x_wconf 75' lang='lat' dir='ltr'>Albinam</span> <span class='ocrx_word' id='word_1_97' title='bbox 403 841 435 870; x_wconf 88' lang='lat' dir='ltr'>et</span> <span class='ocrx_word' id='word_1_98' title='bbox 455 836 605 870; x_wconf 83' lang='lat' dir='ltr'>Modiam</span> <span class='ocrx_word' id='word_1_99' title='bbox 622 835 752 883; x_wconf 76' lang='lat' dir='ltr'>collega</span> <span class='ocrx_word' id='word_1_100' title='bbox 766 834 913 870; x_wconf 73' lang='lat' dir='ltr'>salutet?</span> <span class='ocrx_word' id='word_1_101' title='bbox 1067 840 1117 867; x_wconf 79' lang='lat'>130</span> 
     </span>
     <span class='ocr_line' id='line_1_17' title="bbox 60 884 854 932; baseline 0.001 -14"><span class='ocrx_word' id='word_1_102' title='bbox 60 885 182 918; x_wconf 88' lang='lat' dir='ltr'>Divitis</span> <span class='ocrx_word' id='word_1_103' title='bbox 197 884 253 919; x_wconf 87' lang='lat' dir='ltr'>hic</span> <span class='ocrx_word' id='word_1_104' title='bbox 267 886 357 919; x_wconf 87' lang='lat' dir='ltr'>servi</span> <span class='ocrx_word' id='word_1_105' title='bbox 372 885 502 920; x_wconf 79' lang='lat' dir='ltr'>claudit</span> <span class='ocrx_word' id='word_1_106' title='bbox 518 885 606 920; x_wconf 89' lang='lat' dir='ltr'>latus</span> <span class='ocrx_word' id='word_1_107' title='bbox 621 886 854 932; x_wconf 81' lang='lat' dir='ltr'>ingenuorum</span> 
     </span>
    </p>

    <p class='ocr_par' dir='ltr' id='par_1_10' title="bbox 59 933 954 1028">
     <span class='ocr_line' id='line_1_18' title="bbox 60 933 954 982; baseline 0.001 -15"><span class='ocrx_word' id='word_1_108' title='bbox 60 933 171 968; x_wconf 82' lang='lat' dir='ltr'>filius:</span> <span class='ocrx_word' id='word_1_109' title='bbox 201 934 284 969; x_wconf 83' lang='lat' dir='ltr'>alter</span> <span class='ocrx_word' id='word_1_110' title='bbox 301 935 407 976; x_wconf 82' lang='lat' dir='ltr'>enim,</span> <span class='ocrx_word' id='word_1_111' title='bbox 424 940 595 981; x_wconf 84' lang='lat' dir='ltr'>quantum</span> <span class='ocrx_word' id='word_1_112' title='bbox 612 936 646 970; x_wconf 89' lang='lat' dir='ltr'>in</span> <span class='ocrx_word' id='word_1_113' title='bbox 662 935 794 982; x_wconf 78' lang='lat' dir='ltr'>legione</span> <span class='ocrx_word' id='word_1_114' title='bbox 809 934 954 969; x_wconf 90' lang='lat' dir='ltr'>Tribuni</span> 
     </span>
     <span class='ocr_line' id='line_1_19' title="bbox 59 983 797 1028; baseline 0.003 -11"><span class='ocrx_word' id='word_1_115' title='bbox 59 983 242 1028; x_wconf 78' lang='lat' dir='ltr'>accipiunt,</span> <span class='ocrx_word' id='word_1_116' title='bbox 260 984 364 1019; x_wconf 85' lang='lat' dir='ltr'>donat</span> <span class='ocrx_word' id='word_1_117' title='bbox 379 985 541 1020; x_wconf 73' lang='lat' dir='ltr'>Calvinae</span> <span class='ocrx_word' id='word_1_118' title='bbox 559 985 610 1020; x_wconf 91' lang='lat' dir='ltr'>vel</span> <span class='ocrx_word' id='word_1_119' title='bbox 626 985 797 1025; x_wconf 83' lang='lat' dir='ltr'>Catienae,</span> 
     </span>
    </p>

    <p class='ocr_par' dir='ltr' id='par_1_11' title="bbox 58 1032 1118 1165">
     <span class='ocr_line' id='line_1_20' title="bbox 59 1032 1005 1081; baseline 0 -16"><span class='ocrx_word' id='word_1_120' title='bbox 59 1036 98 1066; x_wconf 88' lang='lat' dir='ltr'>ut</span> <span class='ocrx_word' id='word_1_121' title='bbox 114 1032 219 1066; x_wconf 87' lang='lat' dir='ltr'>semel</span> <span class='ocrx_word' id='word_1_122' title='bbox 235 1038 339 1079; x_wconf 84' lang='lat' dir='ltr'>atque</span> <span class='ocrx_word' id='word_1_123' title='bbox 355 1035 478 1069; x_wconf 83' lang='lat' dir='ltr'>iterum</span> <span class='ocrx_word' id='word_1_124' title='bbox 493 1046 598 1081; x_wconf 87' lang='lat' dir='ltr'>super</span> <span class='ocrx_word' id='word_1_125' title='bbox 613 1034 708 1069; x_wconf 87' lang='lat' dir='ltr'>illam</span> <span class='ocrx_word' id='word_1_126' title='bbox 722 1033 880 1080; x_wconf 81' lang='lat' dir='ltr'>palpitet:</span> <span class='ocrx_word' id='word_1_127' title='bbox 910 1037 943 1065; x_wconf 83' lang='lat' dir='ltr'>at</span> <span class='ocrx_word' id='word_1_128' title='bbox 956 1037 1005 1071; x_wconf 89' lang='lat' dir='ltr'>tu,</span> 
     </span>
     <span class='ocr_line' id='line_1_21' title="bbox 58 1081 1118 1127; baseline -0.002 -11"><span class='ocrx_word' id='word_1_129' title='bbox 58 1092 169 1127; x_wconf 89' lang='lat' dir='ltr'>quum</span> <span class='ocrx_word' id='word_1_130' title='bbox 186 1081 248 1115; x_wconf 81' lang='lat' dir='ltr'>tibi</span> <span class='ocrx_word' id='word_1_131' title='bbox 261 1085 375 1115; x_wconf 84' lang='lat' dir='ltr'>vestiti</span> <span class='ocrx_word' id='word_1_132' title='bbox 391 1084 493 1115; x_wconf 75' lang='lat' dir='ltr'>facies</span> <span class='ocrx_word' id='word_1_133' title='bbox 507 1085 608 1114; x_wconf 76' lang='lat' dir='ltr'>scorti</span> <span class='ocrx_word' id='word_1_134' title='bbox 624 1083 743 1125; x_wconf 81' lang='lat' dir='ltr'>placet,</span> <span class='ocrx_word' id='word_1_135' title='bbox 763 1082 882 1115; x_wconf 88' lang='lat' dir='ltr'>haeres</span> <span class='ocrx_word' id='word_1_136' title='bbox 1067 1087 1118 1114; x_wconf 82' lang='lat'>135</span> 
     </span>
     <span class='ocr_line' id='line_1_22' title="bbox 59 1129 789 1165; baseline -0.003 0"><span class='ocrx_word' id='word_1_137' title='bbox 59 1136 92 1165; x_wconf 92' lang='lat' dir='ltr'>et</span> <span class='ocrx_word' id='word_1_138' title='bbox 105 1130 244 1164; x_wconf 89' lang='lat' dir='ltr'>dubitas</span> <span class='ocrx_word' id='word_1_139' title='bbox 262 1129 328 1164; x_wconf 88' lang='lat' dir='ltr'>alta</span> <span class='ocrx_word' id='word_1_140' title='bbox 342 1130 496 1164; x_wconf 85' lang='lat' dir='ltr'>Chionen</span> <span class='ocrx_word' id='word_1_141' title='bbox 513 1129 681 1163; x_wconf 85' lang='lat' dir='ltr'>deducere</span> <span class='ocrx_word' id='word_1_142' title='bbox 692 1129 789 1163; x_wconf 88' lang='lat' dir='ltr'>sella.</span> 
     </span>
    </p>

    <p class='ocr_par' dir='ltr' id='par_1_12' title="bbox 59 1177 995 1274">
     <span class='ocr_line' id='line_1_23' title="bbox 59 1177 995 1225; baseline 0 -12"><span class='ocrx_word' id='word_1_143' title='bbox 59 1180 106 1213; x_wconf 91' lang='lat' dir='ltr'>Da</span> <span class='ocrx_word' id='word_1_144' title='bbox 122 1184 240 1213; x_wconf 87' lang='lat' dir='ltr'>testem</span> <span class='ocrx_word' id='word_1_145' title='bbox 254 1179 382 1212; x_wconf 86' lang='lat' dir='ltr'>Romae</span> <span class='ocrx_word' id='word_1_146' title='bbox 395 1183 465 1212; x_wconf 89' lang='lat' dir='ltr'>tam</span> <span class='ocrx_word' id='word_1_147' title='bbox 480 1183 651 1218; x_wconf 84' lang='lat' dir='ltr'>sanctum,</span> <span class='ocrx_word' id='word_1_148' title='bbox 669 1189 777 1224; x_wconf 88' lang='lat' dir='ltr'>quam</span> <span class='ocrx_word' id='word_1_149' title='bbox 791 1177 856 1212; x_wconf 86' lang='lat' dir='ltr'>fuit</span> <span class='ocrx_word' id='word_1_150' title='bbox 870 1178 995 1225; x_wconf 85' lang='lat' dir='ltr'>hospes</span> 
     </span>
     <span class='ocr_line' id='line_1_24' title="bbox 59 1225 890 1274; baseline 0 -12"><span class='ocrx_word' id='word_1_151' title='bbox 59 1227 216 1262; x_wconf 87' lang='lat' dir='ltr'>numinis</span> <span class='ocrx_word' id='word_1_152' title='bbox 229 1225 338 1261; x_wconf 88' lang='lat' dir='ltr'>Idaei:</span> <span class='ocrx_word' id='word_1_153' title='bbox 367 1227 527 1273; x_wconf 86' lang='lat' dir='ltr'>procedat</span> <span class='ocrx_word' id='word_1_154' title='bbox 543 1227 594 1262; x_wconf 91' lang='lat' dir='ltr'>vel</span> <span class='ocrx_word' id='word_1_155' title='bbox 611 1229 737 1268; x_wconf 88' lang='lat' dir='ltr'>Numa,</span> <span class='ocrx_word' id='word_1_156' title='bbox 758 1227 812 1262; x_wconf 92' lang='lat' dir='ltr'>vel</span> <span class='ocrx_word' id='word_1_157' title='bbox 827 1229 890 1274; x_wconf 90' lang='lat' dir='ltr'>qui</span> 
     </span>
    </p>

    <p class='ocr_par' dir='ltr' id='par_1_13' title="bbox 57 1276 937 1324">
     <span class='ocr_line' id='line_1_25' title="bbox 57 1276 937 1324; baseline 0.001 -13"><span class='ocrx_word' id='word_1_158' title='bbox 57 1276 208 1311; x_wconf 88' lang='lat' dir='ltr'>servavit</span> <span class='ocrx_word' id='word_1_159' title='bbox 223 1276 390 1321; x_wconf 88' lang='lat' dir='ltr'>trepidam</span> <span class='ocrx_word' id='word_1_160' title='bbox 405 1276 561 1324; x_wconf 82' lang='lat' dir='ltr'>flagranti</span> <span class='ocrx_word' id='word_1_161' title='bbox 577 1289 620 1312; x_wconf 80' lang='lat' dir='ltr'>ex</span> <span class='ocrx_word' id='word_1_162' title='bbox 634 1277 715 1312; x_wconf 90' lang='lat' dir='ltr'>aede</span> <span class='ocrx_word' id='word_1_163' title='bbox 726 1278 937 1312; x_wconf 85' lang='lat' dir='ltr'>Minervam:</span> 
     </span>
    </p>

    <p class='ocr_par' dir='ltr' id='par_1_14' title="bbox 57 1325 1116 1558">
     <span class='ocr_line' id='line_1_26' title="bbox 57 1325 1116 1371; baseline 0 -11"><span class='ocrx_word' id='word_1_164' title='bbox 57 1330 221 1371; x_wconf 87' lang='lat' dir='ltr'>protenus</span> <span class='ocrx_word' id='word_1_165' title='bbox 237 1325 280 1359; x_wconf 87' lang='lat' dir='ltr'>ad</span> <span class='ocrx_word' id='word_1_166' title='bbox 293 1336 450 1365; x_wconf 83' lang='lat' dir='ltr'>censum,</span> <span class='ocrx_word' id='word_1_167' title='bbox 467 1326 510 1360; x_wconf 92' lang='lat' dir='ltr'>de</span> <span class='ocrx_word' id='word_1_168' title='bbox 524 1327 680 1361; x_wconf 86' lang='lat' dir='ltr'>moribus</span> <span class='ocrx_word' id='word_1_169' title='bbox 695 1327 819 1361; x_wconf 88' lang='lat' dir='ltr'>ultima</span> <span class='ocrx_word' id='word_1_170' title='bbox 831 1327 892 1360; x_wconf 79' lang='lat' dir='ltr'>fiet</span> <span class='ocrx_word' id='word_1_171' title='bbox 1066 1331 1116 1360; x_wconf 69' lang='grc'>140</span> 
     </span>
     <span class='ocr_line' id='line_1_27' title="bbox 58 1374 993 1422; baseline -0.001 -13"><span class='ocrx_word' id='word_1_172' title='bbox 58 1375 224 1421; x_wconf 89' lang='lat' dir='ltr'>quaestio.</span> <span class='ocrx_word' id='word_1_173' title='bbox 266 1374 355 1417; x_wconf 84' lang='lat' dir='ltr'>Quot</span> <span class='ocrx_word' id='word_1_174' title='bbox 370 1376 477 1420; x_wconf 79' lang='lat' dir='ltr'>pascit</span> <span class='ocrx_word' id='word_1_175' title='bbox 491 1375 632 1410; x_wconf 82' lang='lat' dir='ltr'>servos‘?</span> <span class='ocrx_word' id='word_1_176' title='bbox 657 1381 743 1421; x_wconf 87' lang='lat' dir='ltr'>quot</span> <span class='ocrx_word' id='word_1_177' title='bbox 756 1375 908 1420; x_wconf 83' lang='lat' dir='ltr'>possidet</span> <span class='ocrx_word' id='word_1_178' title='bbox 921 1375 993 1422; x_wconf 81' lang='lat' dir='ltr'>agri</span> 
     </span>
     <span class='ocr_line' id='line_1_28' title="bbox 59 1423 1020 1471; baseline 0 -13"><span class='ocrx_word' id='word_1_179' title='bbox 59 1424 202 1471; x_wconf 71' lang='lat' dir='ltr'>iugera?</span> <span class='ocrx_word' id='word_1_180' title='bbox 226 1436 333 1471; x_wconf 89' lang='lat' dir='ltr'>quam</span> <span class='ocrx_word' id='word_1_181' title='bbox 349 1424 457 1459; x_wconf 89' lang='lat' dir='ltr'>multa</span> <span class='ocrx_word' id='word_1_182' title='bbox 472 1436 668 1471; x_wconf 71' lang='lat' dir='ltr'>magnaque</span> <span class='ocrx_word' id='word_1_183' title='bbox 682 1424 863 1470; x_wconf 84' lang='lat' dir='ltr'>paropside</span> <span class='ocrx_word' id='word_1_184' title='bbox 876 1423 1020 1459; x_wconf 70' lang='lat' dir='ltr'>coenat?</span> 
     </span>
     <span class='ocr_line' id='line_1_29' title="bbox 59 1473 1003 1520; baseline -0.001 -11"><span class='ocrx_word' id='word_1_185' title='bbox 59 1473 236 1517; x_wconf 89' lang='lat' dir='ltr'>Quantum</span> <span class='ocrx_word' id='word_1_186' title='bbox 250 1474 402 1520; x_wconf 74' lang='lat' dir='ltr'>quisque</span> <span class='ocrx_word' id='word_1_187' title='bbox 415 1486 477 1509; x_wconf 84' lang='lat' dir='ltr'>sua</span> <span class='ocrx_word' id='word_1_188' title='bbox 493 1485 718 1509; x_wconf 91' lang='lat' dir='ltr'>nummorum</span> <span class='ocrx_word' id='word_1_189' title='bbox 736 1479 851 1509; x_wconf 83' lang='lat' dir='ltr'>servat</span> <span class='ocrx_word' id='word_1_190' title='bbox 864 1475 899 1509; x_wconf 92' lang='lat' dir='ltr'>in</span> <span class='ocrx_word' id='word_1_191' title='bbox 914 1485 1003 1515; x_wconf 88' lang='lat' dir='ltr'>arca,</span> 
     </span>
     <span class='ocr_line' id='line_1_30' title="bbox 59 1523 1008 1558; baseline 0 0"><span class='ocrx_word' id='word_1_192' title='bbox 59 1528 193 1558; x_wconf 86' lang='lat' dir='ltr'>tantum</span> <span class='ocrx_word' id='word_1_193' title='bbox 209 1524 311 1558; x_wconf 88' lang='lat' dir='ltr'>habet</span> <span class='ocrx_word' id='word_1_194' title='bbox 325 1529 356 1558; x_wconf 89' lang='lat' dir='ltr'>et</span> <span class='ocrx_word' id='word_1_195' title='bbox 372 1524 462 1558; x_wconf 80' lang='lat' dir='ltr'>[idei.</span> <span class='ocrx_word' id='word_1_196' title='bbox 503 1525 597 1558; x_wconf 88' lang='lat' dir='ltr'>Iures</span> <span class='ocrx_word' id='word_1_197' title='bbox 612 1523 688 1558; x_wconf 83' lang='lat' dir='ltr'>licet</span> <span class='ocrx_word' id='word_1_198' title='bbox 701 1529 733 1558; x_wconf 90' lang='lat' dir='ltr'>et</span> <span class='ocrx_word' id='word_1_199' title='bbox 746 1523 1008 1558; x_wconf 77' lang='lat' dir='ltr'>Samothracum</span> 
     </span>
    </p>

    <p class='ocr_par' dir='ltr' id='par_1_15' title="bbox 59 1573 1116 1671">
     <span class='ocr_line' id='line_1_31' title="bbox 59 1573 1116 1620; baseline 0 -13"><span class='ocrx_word' id='word_1_200' title='bbox 59 1577 92 1607; x_wconf 91' lang='lat' dir='ltr'>et</span> <span class='ocrx_word' id='word_1_201' title='bbox 105 1578 302 1608; x_wconf 85' lang='lat' dir='ltr'>nostrorum</span> <span class='ocrx_word' id='word_1_202' title='bbox 318 1585 413 1610; x_wconf 83' lang='lat' dir='ltr'>aras:</span> <span class='ocrx_word' id='word_1_203' title='bbox 442 1579 659 1608; x_wconf 86' lang='lat' dir='ltr'>contemnere</span> <span class='ocrx_word' id='word_1_204' title='bbox 671 1573 819 1608; x_wconf 81' lang='lat' dir='ltr'>fulmina</span> <span class='ocrx_word' id='word_1_205' title='bbox 832 1584 964 1620; x_wconf 86' lang='lat' dir='ltr'>pauper</span> <span class='ocrx_word' id='word_1_206' title='bbox 1066 1577 1116 1607; x_wconf 80' lang='lat'>145</span> 
     </span>
     <span class='ocr_line' id='line_1_32' title="bbox 59 1622 899 1671; baseline 0.002 -15"><span class='ocrx_word' id='word_1_207' title='bbox 59 1622 210 1659; x_wconf 85' lang='lat' dir='ltr'>creditur</span> <span class='ocrx_word' id='word_1_208' title='bbox 222 1628 326 1669; x_wconf 88' lang='lat' dir='ltr'>atque</span> <span class='ocrx_word' id='word_1_209' title='bbox 342 1624 435 1665; x_wconf 83' lang='lat' dir='ltr'>deos,</span> <span class='ocrx_word' id='word_1_210' title='bbox 453 1623 507 1658; x_wconf 88' lang='lat' dir='ltr'>dis</span> <span class='ocrx_word' id='word_1_211' title='bbox 527 1623 784 1671; x_wconf 82' lang='lat' dir='ltr'>ignoscentibus</span> <span class='ocrx_word' id='word_1_212' title='bbox 800 1624 899 1670; x_wconf 82' lang='lat' dir='ltr'>ipsis.</span> 
     </span>
    </p>

    <p class='ocr_par' dir='ltr' id='par_1_16' title="bbox 60 1671 995 1766">
     <span class='ocr_line' id='line_1_33' title="bbox 60 1671 995 1720; baseline 0.001 -14"><span class='ocrx_word' id='word_1_213' title='bbox 60 1671 164 1714; x_wconf 84' lang='lat' dir='ltr'>Quid,</span> <span class='ocrx_word' id='word_1_214' title='bbox 185 1673 279 1719; x_wconf 89' lang='lat' dir='ltr'>quod</span> <span class='ocrx_word' id='word_1_215' title='bbox 293 1675 470 1709; x_wconf 87' lang='lat' dir='ltr'>materiam</span> <span class='ocrx_word' id='word_1_216' title='bbox 486 1673 624 1719; x_wconf 83' lang='lat' dir='ltr'>praebet</span> <span class='ocrx_word' id='word_1_217' title='bbox 636 1684 828 1720; x_wconf 88' lang='lat' dir='ltr'>causasque</span> <span class='ocrx_word' id='word_1_218' title='bbox 841 1674 995 1708; x_wconf 86' lang='lat' dir='ltr'>iocorum</span> 
     </span>
     <span class='ocr_line' id='line_1_34' title="bbox 60 1722 897 1766; baseline 0.004 -10"><span class='ocrx_word' id='word_1_219' title='bbox 60 1723 223 1760; x_wconf 85' lang='lat' dir='ltr'>omnibus</span> <span class='ocrx_word' id='word_1_220' title='bbox 237 1724 295 1759; x_wconf 87' lang='lat' dir='ltr'>hic</span> <span class='ocrx_word' id='word_1_221' title='bbox 309 1723 413 1766; x_wconf 88' lang='lat' dir='ltr'>idem,</span> <span class='ocrx_word' id='word_1_222' title='bbox 429 1724 459 1758; x_wconf 88' lang='lat' dir='ltr'>si</span> <span class='ocrx_word' id='word_1_223' title='bbox 473 1722 570 1759; x_wconf 79' lang='lat' dir='ltr'>foeda</span> <span class='ocrx_word' id='word_1_224' title='bbox 584 1729 617 1759; x_wconf 89' lang='lat' dir='ltr'>et</span> <span class='ocrx_word' id='word_1_225' title='bbox 629 1724 736 1759; x_wconf 85' lang='lat' dir='ltr'>scissa</span> <span class='ocrx_word' id='word_1_226' title='bbox 749 1723 897 1765; x_wconf 80' lang='lat' dir='ltr'>lacerna,</span> 
     </span>
    </p>
   </div>
  </div>
 </body>
</html>
