1252 2025
400 118 589 148 SATIRA
614 118 691 148 xv,
972 116 1034 151 ⁴49

49 185 225 227 dimidios,
240 183 324 220 alias
337 183 452 226 facies,
473 189 504 220 et
521 183 651 220 hiantia
666 184 776 230 ruptis

49 246 125 270 ossa
141 234 250 283 geniS,
267 233 387 279 plenos
400 234 578 269 oculorum
594 235 765 281 sanguine
778 244 926 282 pugnos.

50 284 185 319 Ludere
197 294 233 318 se
246 283 391 318 credunt
406 284 470 329 ipsi
490 289 617 325 tamen,
635 289 667 318 et
680 283 829 329 pueriles

49 344 204 368 exercere
217 333 317 372 acies,
335 333 428 379 quod
446 333 542 368 nulla
556 333 721 368 cadavera
738 332 882 368 calcent.
1076 339 1109 366 60

50 382 92 417 Et
105 392 186 418 sane
199 392 270 427 quo
285 388 330 416 tot
346 383 491 417 rixantis
508 382 619 416 millia
635 382 766 423 turbae,

49 431 79 465 si
95 431 216 466 vivunt
232 431 377 464 omnes?
403 431 495 476 Ergo
509 431 616 464 acrior
631 431 792 475 impetus,
809 436 841 465 et
855 430 924 466 iam

50 491 132 515 saxa
148 478 320 513 inclinatis
335 490 394 525 per
408 479 558 514 humum
575 479 729 524 quaesita
745 479 880 514 lacertis

51 529 219 575 incipiunt
234 534 404 574 torquere,
420 528 606 563 domestica
621 528 782 562 seditioni

51 577 131 621 tela;
162 589 223 612 nec
239 578 334 612 huno
352 577 515 623 lapidem,
535 576 656 622 quales
674 582 706 611 et
720 577 860 611 Turnus
878 582 911 611 et
924 577 1023 615 Aiax,
1079 583 1110 610 65

50 627 103 662 vel
118 638 188 672 quo
202 626 355 674 Tydides
370 626 538 672 percussit
552 625 702 671 pondere
716 636 838 660 coxam

48 676 199 719 Aeneae3
229 676 289 711 sed
303 687 408 721 quem
423 674 559 710 valeant
571 675 724 710 emittere
738 675 878 710 dextrae

49 724 119 759 illis
133 724 333 764 dissimiles,
349 730 379 759 et
395 729 510 758 nostro
522 729 673 769 tempore
687 730 797 759 natae.

49 774 138 808 Nam
151 783 264 820 genus
279 773 343 807 hoc
357 774 438 808 vivo
452 773 522 807 iam
535 773 746 808 decrescebat
761 774 917 808 Homero.

49 822 151 857 Terra
166 822 275 857 malos
290 823 449 857 homines
463 834 556 857 nunc
570 822 690 857 educat
708 827 812 868 atque
824 820 986 867 pusillos.

49 871 142 918 Ergo
156 871 254 911 deus,
271 872 486 917 quicumque
499 871 669 917 adspexit,
686 871 772 905 ridet
785 876 817 906 et
829 871 912 906 odit.

98 921 129 956 A
142 920 352 955 deverticulo
365 926 537 966 repetatur
550 920 680 955 fabula.
722 921 913 966 Postquam

50 969 218 1004 subsidiis
233 970 333 1010 aucti,
354 981 434 1015 pars
451 969 554 1005 altera
567 981 724 1016 promere
737 969 870 1004 serrum

50 1019 164 1060 audet,
180 1024 213 1054 et
230 1019 364 1054 infestis
379 1031 534 1066 pugnam
551 1020 744 1054 instaurare
757 1019 912 1066 sagitti53

50 1073 143 1115 terga
157 1067 258 1115 fugae
271 1067 372 1103 celeri
386 1068 642 1113 praestantibus
656 1068 834 1108 omnibus,
852 1068 993 1107 instant,
1079 1073 1093 1100 7
1098 1074 1112 1101 5

51 1118 113 1163 qui
129 1118 241 1152 vicina
255 1117 375 1152 colunt
388 1117 573 1152 umbrosae
587 1118 735 1164 Tentyra
750 1116 900 1163 palmae.

51 1167 195 1202 Labitur
211 1167 268 1202 hio
281 1166 437 1213 quidam,
455 1167 565 1202 nimia
577 1166 762 1202 formidine
775 1177 919 1201 cursum

50 1217 296 1263 praecipitans,
329 1217 550 1262 capiturque:
600 1221 652 1250 ast
683 1215 783 1250 illum
820 1215 856 1250 in
887 1214 1038 1262 plurima

584 1269 716 1300 sectum

48 1312 158 1348 frusta
171 1323 210 1347 ac
223 1312 420 1358 particulas,
438 1318 477 1348 ut
491 1312 611 1348 multis
625 1318 784 1347 mortuus
798 1323 893 1348 unus

50 1361 233 1403 sufficeret,
250 1367 359 1397 totum
372 1363 520 1397 corrosis
534 1361 673 1396 ossibus
685 1361 755 1396 edit
1079 1367 1112 1395 80

51 1411 176 1446 victrix
189 1411 308 1447 turba:
337 1422 400 1446 nec
414 1411 547 1446 ardenti
560 1410 695 1445 decoxit
708 1411 795 1445 ae'no

52 1465 111 1496 aut
131 1460 306 1504 verubus;
336 1459 480 1507 longum
500 1471 614 1506 usque
639 1459 723 1495 adeo
746 1458 956 1506 tardumque
973 1470 1039 1506 pu-

584 1509 671 1544 tavit

53 1562 247 1604 exspectare
261 1556 364 1598 focos,
382 1562 539 1593 contenta
556 1558 721 1593 cadavere
733 1556 854 1593 crudo.

53 1607 115 1641 Hic
127 1607 276 1654 gaudere
294 1607 388 1648 libet,
407 1607 501 1653 quod
516 1618 585 1643 non
604 1607 786 1642 violaverit
799 1607 929 1654 ignem,

53 1667 159 1701 quem
173 1667 311 1692 summa
324 1656 408 1691 coeli
424 1662 560 1703 raptum
573 1657 615 1692 de
628 1662 723 1703 parte
737 1656 961 1692 Prometheus
1079 1661 1111 1689 85

53 1705 194 1740 donavit
208 1707 318 1742 terris.
359 1706 538 1742 Elemento
550 1706 716 1754 gratulor,
733 1711 765 1741 et
778 1712 810 1741 te

53 1754 225 1791 exsultare
238 1767 325 1792 reor.
365 1755 430 1792 Sed
445 1756 507 1803 qui
520 1756 674 1792 mordere
687 1755 832 1791 cadaver

1077 827 1111 854 Ὀ
