1406 2047
407 77 599 106 SATIRA
625 77 683 106 V1.
997 75 1040 109 77

51 144 199 181 callidus
214 148 246 180 et
257 143 377 178 cristae
390 141 516 190 digitos
532 143 706 189 impressit
719 142 852 190 aliptes,

51 206 90 230 ac
111 204 289 230 summum
304 192 465 227 dominae
478 192 590 227 femur
605 193 797 229 exclamare
810 194 929 241 coegit.

52 244 226 279 Convivae
240 242 357 276 miseri
378 242 504 276 interea
521 253 714 289 somnoque
727 242 887 288 fameque

51 296 255 340 urguentur.
298 291 451 326 Tandem
466 291 524 326 illa
541 293 634 328 venit
647 291 894 334 rubicundula‚
910 297 1019 327 totum
1059 297 1111 327 425

50 341 285 387 oenophorum
304 341 436 382 sitiens,
457 340 558 386 plena
572 342 666 388 quod
680 342 832 377 tenditur
845 352 933 377 urna

50 390 228 426 admotum
243 391 404 436 pedibus,
422 390 464 425 de
479 402 550 436 quo
562 393 733 426 sextarius
752 391 835 426 alter

49 439 187 475 ducitur
201 445 277 474 ante
290 440 422 481 cibum,
440 440 596 474 rabidam
612 440 765 476 facturus
783 440 929 476 orexim.

49 489 138 524 Dum
156 489 254 530 redit,
271 495 303 524 et
322 489 388 524 loto
402 494 525 523 terram
542 488 616 523 ferit
631 490 804 532 intestino,

49 539 283 574 marmoribus
298 539 362 573 rivi
378 543 573 584 properant,
592 543 650 572 aut
664 538 729 573 lata
745 537 887 572 Falerno
1058 542 1110 571 430

49 587 161 634 pelvis
175 587 259 623 olet:
289 599 371 622 nam
386 588 448 628 sic,
469 592 649 633 tamquam
667 587 735 622 alta
750 588 785 622 in
799 586 889 621 dolia
904 585 1030 634 longus

48 637 211 672 deciderit
224 647 379 683 serpens,
396 637 485 671 bibit
499 642 532 671 et
547 637 668 671 vomit.
708 637 800 683 Ergo
815 636 961 671 maritus

48 692 202 729 nauseat,
221 692 324 733 atque
337 685 446 721 oculis
460 686 564 722 bilem
580 686 789 734 substringit
801 685 941 732 opertis.

97 735 160 770 Illa
172 741 285 772 tamen
299 736 450 782 gravior,
472 747 574 781 quae,
596 747 709 781 quum
727 734 946 771 discumbere
962 745 1039 770 coe-

584 785 646 829 pit,

49 831 167 868 laudat
179 831 380 879 Virgilium,
397 832 568 878 periturae
583 832 729 879 ignoscit
742 831 886 873 Elissae,
1059 838 1110 867 435

49 882 234 916 committit
249 887 342 916 vates
355 887 388 916 et
401 887 592 927 comparat,
611 882 690 917 inde
704 882 880 917 Maronem

49 936 153 977 atque
167 931 231 965 alia
246 936 341 976 parte
355 931 390 965 in
406 931 533 965 trutina
549 931 731 976 suspendit
748 932 948 967 Homerum.

49 980 185 1016 Cedunt
199 980 430 1027 grammatici,
451 981 640 1016 vincuntur
655 981 818 1022 rhetores,
834 981 949 1016 omnis

48 1030 150 1064 turba
165 1035 267 1073 tacet;
298 1040 359 1064 nec
372 1030 582 1072 causidicus,
600 1041 662 1066 nec
674 1041 794 1076 praeco
810 1030 981 1076 loquatur,

49 1078 152 1113 altera
172 1090 233 1114 nec-
248 1078 392 1114 mulier:
422 1080 608 1115 verborum
624 1085 713 1115 tanta
731 1079 820 1115 cadit
836 1079 902 1121 vis,
1056 1083 1108 1113 440

49 1133 97 1163 tot
114 1128 240 1174 pariter
255 1127 373 1173 pelves
390 1133 422 1163 et
435 1129 668 1164 tintinnabula
681 1129 776 1163 dicas

49 1176 195 1223 pulsari.
237 1177 309 1211 Iam
325 1187 426 1211 nemo
440 1178 542 1211 tubas
559 1182 664 1223 atque
676 1188 752 1212 aera
765 1176 899 1225 fatiget:

47 1237 118 1262 una
133 1225 299 1260 laboranti
313 1226 435 1270 poterit
449 1237 648 1261 succurrere
662 1226 778 1261 lunae.

95 1274 245 1320 Imponit.
259 1273 364 1309 finem
377 1275 516 1320 sapiens
533 1280 566 1310 et
584 1276 688 1311 rebus
702 1275 869 1311 honestis.

45 1323 135 1358 Nam
149 1324 178 1358 si
197 1323 295 1358 docta
308 1324 414 1358 nimis
427 1325 524 1370 cupit
539 1329 572 1359 et
585 1324 732 1360 facunda
749 1325 872 1366 videri,
1056 1329 1108 1359 445

45 1383 145 1408 crure
157 1378 259 1408 tenus
274 1372 388 1407 medio
401 1374 536 1409 tunicas
551 1374 750 1421 succingere
763 1374 876 1416 debet,

46 1422 186 1458 caedere
198 1421 340 1457 Silvano
353 1433 509 1468 porcum,
526 1423 718 1469 quadrante
731 1422 852 1457 lavari.

46 1473 122 1508 Non
138 1471 263 1507 habeat
276 1476 443 1512 matrona,
459 1472 523 1507 tibi
536 1483 626 1518 quae
639 1473 755 1507 iuncta
769 1471 950 1514 recumbit,

46 1520 183 1556 dicendi
198 1532 322 1568 genuS,
340 1526 398 1556 aut
411 1525 549 1556 curtum
565 1533 721 1557 sermone
734 1526 841 1557 rotato

46 1575 203 1617 torqueat
217 1570 453 1618 enthymema,
472 1582 533 1606 nec
550 1570 710 1607 historias
724 1571 808 1606 sciat
821 1582 958 1606 omnes:
1054 1576 1106 1606 430

46 1619 108 1655 sed
121 1619 293 1667 quaedam
307 1631 350 1655 ex
365 1620 464 1655 libris
478 1625 510 1655 et
524 1631 592 1656 non
606 1620 787 1668 intelligat.
829 1619 896 1655 Odi

45 1668 137 1705 hano
150 1681 225 1717 ego,
246 1681 335 1716 quae
351 1670 470 1716 repetit
486 1669 662 1717 volvitque
675 1670 890 1707 Palaemonis
904 1675 1024 1711 artem,

47 1724 181 1756 servata
193 1731 328 1767 semper
342 1719 417 1768 lege
429 1725 461 1755 et
476 1720 604 1756 ratione
618 1719 795 1768 loquendi,
