1406 2047
9 1179 22 1206 ’π
14 1060 28 1152 κέν’-δι
12 1029 31 1049 ,Σ-
9 971 37 1022 ‘u'

26 851 41 967 >*'’<·.*''

370 61 411 96 92
724 82 1000 121 IUVENALIS

363 135 396 164 et
407 138 504 177 pater
517 137 628 183 ipsius
643 150 770 190 coetus,
789 163 832 187 ne
846 158 958 202 turpia
973 158 1104 207 ludant,

289 180 340 211 240
361 191 404 214 ne
422 181 546 221 saciant
561 190 705 230 vicibus.
747 199 822 236 Non
838 210 888 238 est
902 206 985 251 leve,
1003 217 1049 246 tot
1062 226 1250 259 puerorum

358 228 542 271 observare
556 250 681 277 manus
696 248 883 297 oculosque
897 256 932 291 in
949 258 1016 295 fine
1030 268 1221 305 trementes

357 277 455 322 Ilaec,
473 283 597 331 inquit,
615 302 725 333 cures.
743 303 786 339 et,
806 311 917 345 quum
930 318 967 341 se
984 315 1121 349 verterit
1135 329 1261 365 annus,

355 329 480 376 accipe,
502 335 620 373 victori
633 344 786 388 populus
801 352 895 395 quod
907 359 1069 404 postulat,
1087 375 1225 405 aurum.

591 492 907 544 SATIRA
970 513 1093 555 VIII.

344 574 398 598 AB
409 576 441 599 G.
461 577 502 602 De
519 581 594 607 vitiis
608 587 753 621 nobilium,
773 597 867 626 quihus
879 605 1026 633 opponitur
1037 615 1099 632 vern
1113 611 1238 638 nobilitas
1252 621 1329 649 atquc

784 643 878 664 virtus.

390 664 584 714 Stemmata
605 684 692 728 quid
710 686 865 727 faciunt?
895 700 981 742 quid
1005 705 1156 749 prodest,
1174 710 1321 755 Pontice,

872 743 977 791 longo

334 771 506 815 sanguine
520 779 662 821 censori,
679 785 858 833 pictosque
871 795 1048 833 ostendere
1062 800 1182 839 vultus

332 818 518 863 maiorum,
538 829 569 858 ct
582 833 711 866 stantes
725 833 761 869 in
775 840 936 877 curribus
950 844 1175 895 Aemilianos,

331 870 362 899 et
378 866 500 905 Curios
513 872 581 908 iam
596 876 772 926 dimidios,
790 886 1026 941 humerosque
1040 900 1210 939 minorem

257 918 271 944 5
328 913 532 965 Corvinum,
556 930 588 959 et
610 926 756 968 Galbam
771 939 937 977 auriculis
953 957 1107 995 nasoque
1119 958 1315 992 carentem?

325 962 412 1006 Quis
427 967 558 1007 fructus
572 981 709 1021 generis
724 984 840 1022 tabula
852 990 974 1029 iactare
987 1001 1101 1043 capaci

321 1010 442 1095 {Corvi
447 1030 466 1053 n
473 1030 530 1055 um
541 1050 547 1063 ‚
560 1028 703 1069 posthac
718 1035 826 1072 multa
841 1043 1040 1092 contingere
1056 1049 1167 1101 virga]

336 1074 471 1102 amosos
486 1069 654 1117 Equitum
669 1091 749 1118 cum
765 1086 932 1128 Dictatore
945 1097 1139 1144 magistrOS,

317 1112 349 1145 si
367 1124 482 1152 coram
497 1120 635 1167 Lepidis
650 1131 739 1167 male
754 1136 908 1175 vivitur?
931 1143 1075 1194 Effigies
1089 1161 1160 1197 quo

245 1163 279 1190 10
317 1164 363 1195 tot
381 1162 600 1214 bellatorum,
617 1177 646 1210 si
664 1178 797 1217 luditur
810 1187 880 1222 alea
896 1202 1029 1234 pernox

314 1215 392 1246 ante
405 1213 652 1268 Numantinos3
683 1229 712 1263 si
727 1230 877 1271 dormire
891 1238 1016 1287 incipis
1030 1250 1107 1281 ortu

311 1258 472 1306 Luciferi,
490 1279 560 1313 quo
572 1273 672 1319 signa
686 1278 790 1316 duces
804 1289 836 1318 et
849 1294 958 1324 castra
976 1295 1184 1333 movebant?

311 1307 383 1343 Cur
394 1312 622 1365 Allobrogicis
636 1330 667 1358 et
681 1338 806 1375 magna
819 1337 968 1380 gaudeat
982 1353 1040 1376 ara

309 1363 411 1395 natus
426 1363 462 1398 in
476 1365 640 1406 Herculeo
653 1374 782 1413 Fabius
798 1381 879 1425 lare,
896 1387 925 1420 si
940 1391 1099 1435 cupidus,
1119 1396 1149 1430 si

235 1409 267 1437 15
306 1418 418 1444 vanus
436 1418 468 1447 et
481 1414 646 1464 Euganea
664 1433 892 1470 quantumvis
906 1438 1044 1475 mollior
1057 1444 1171 1490 agna?

304 1456 334 1489 si
351 1462 506 1498 tenerum
520 1468 665 1507 adtritus
681 1475 856 1516 Catinensi
870 1488 1009 1529 pumice
1024 1489 1185 1529 lumbum

302 1508 501 1555 squalentes
516 1519 673 1560 producit
687 1536 780 1569 avos,
800 1537 979 1581 emtorque
993 1541 1115 1576 veneni

300 1552 490 1604 frangenda
505 1567 667 1606 miseram
685 1573 835 1615 funestat
850 1582 1000 1632 imagine
1011 1592 1176 1635 gentem?

299 1603 381 1639 Tota
397 1606 473 1644 licet
486 1618 616 1652 veteres
633 1632 799 1662 exornent
814 1632 970 1680 undique
979 1647 1073 1673 cerae

224 1654 258 1682 20
297 1654 393 1698 atria,
412 1659 572 1698 nobilitas
587 1668 658 1703 sola
671 1679 722 1707 est
737 1685 839 1723 atque
852 1683 952 1719 unica
971 1688 1094 1724 virtus.

294 1702 424 1742 Paulus
438 1709 492 1744 vel
508 1712 636 1753 Cossus
651 1721 703 1756 vel
720 1724 852 1764 Drusus
867 1734 1022 1771 moribus
1035 1743 1124 1773 esto:
