1406 2047
474 100 661 129 SATIRA
687 99 729 129 V'.
1049 95 1085 128 21

112 169 249 217 fregerit
262 164 433 207 articulos,
451 166 575 201 veteris
590 164 730 201 ramalia
748 163 836 212 fagi.

112 225 186 254 tum
200 227 334 251 crassos
350 216 515 250 transisse
528 215 615 258 dies,
635 214 818 260 lucemque
831 211 1033 259 palustrem,
1134 217 1168 245 60

112 273 143 302 et
157 266 250 301 sibi
242 277 310 300 lam
325 265 391 300 seri
410 265 515 300 vitam
532 265 731 312 ingemuere
744 263 909 298 relictam.

112 316 155 350 At
169 320 200 350 te
214 315 391 350 nocturnis
406 315 466 349 iux
468 320 501 349 at
514 314 747 360 impallescere
759 311 900 347 chartis.

111 363 230 400 Cultor
242 364 335 398 enim
351 364 519 399 iuvenum
534 368 698 410 purgatas
711 362 835 397 inseris
849 370 949 396 aures

111 412 211 461 fruge
224 412 419 449 Cleanthea.
465 413 571 448 Petite
583 412 687 447 hinc
678 421 893 466 luvenesque
907 417 1078 454 senesque

112 441 219 498 finem
234 462 352 497 animo
365 467 510 502 certum,
527 461 737 506 miserisque
750 460 874 495 viatica
890 458 996 492 canis.
1011 475 1062 482 —
1138 461 1170 488 65

112 511 198 546 Oros
211 512 273 546 hoc
285 513 340 555 stet
355 512 454 545 idem.
463 528 512 534 —
525 508 609 543 Cras
622 506 703 542 fiet?
714 527 764 533 —
780 504 896 548 Quid?
910 507 1098 549 quasima-

724 567 839 600 gnum,

111 611 227 644 nempe
246 603 344 642 diem,
364 603 484 636 donas.
498 620 548 628 -
560 601 629 637 Sed
645 612 758 648 quum
776 600 836 637 lux
853 600 958 636 altera
974 600 1080 640 venit,

111 650 180 684 iam
194 660 270 684 cras
287 650 488 685 hesternum
503 652 783 686 consumsimus:
812 661 887 686 ecce
901 649 998 685 aliud
1010 660 1085 684 cras

112 698 218 745 egerit
231 698 295 733 hos
309 710 430 741 annos,
447 704 479 734 et
497 711 634 746 semper
646 699 807 746 paullum
820 700 884 735 erit
896 699 997 734 ultra.

113 748 202 781 Nam
216 749 379 792 quamvis
396 759 502 793 prope
515 754 559 789 te,
577 749 741 794 quamvis
754 754 890 783 temone
902 748 970 783 sub
984 758 1054 782 uno
1138 753 1171 780 70

113 799 300 830 vertentem
315 806 400 836 sese,
417 795 543 830 frustra
558 797 728 830 sectabere
741 797 920 837 canthum,

114 855 225 891 quum
240 849 310 878 rota
324 844 490 889 posterior
503 855 621 878 curras
635 845 717 880 etin
730 855 795 879 axe
807 843 971 879 secundo.
983 863 1033 870 —

164 893 335 928 Libertate
347 903 435 939 opus
448 898 511 935 est,
538 904 608 929 non
622 893 697 935 hac,
715 905 823 940 quam
837 898 875 930 ut
887 894 1040 940 quisque
1052 893 1118 929 Ve-

719 942 790 978 lina

114 990 260 1026 Publius
275 992 433 1034 emeruit,
448 992 649 1028 scabrosum
664 991 830 1028 tesserula
845 991 896 1026 far

114 1040 280 1086 possidet.
320 1041 394 1076 Heu
408 1041 540 1077 steriles
557 1042 642 1084 veri,
659 1042 789 1089 quibus
802 1052 873 1076 una
887 1039 1057 1083 Quiritem
1139 1047 1174 1074 75

114 1091 247 1137 vertigo
260 1089 357 1124 facit!
386 1091 448 1125 Hic
460 1092 565 1126 Dama
579 1098 630 1126 est
643 1103 712 1127 non
727 1091 845 1126 tressis
857 1100 974 1137 agaso,

114 1150 225 1184 vappa
239 1143 271 1171 et
285 1138 414 1181 lippus,
433 1144 466 1170 et
483 1140 519 1170 in
534 1141 630 1171 tenui
643 1139 816 1184 farragine
829 1139 999 1173 mendax:

114 1185 250 1222 verterit
263 1184 360 1219 hunc
372 1183 548 1227 dominus,
565 1191 741 1221 momento
754 1187 906 1222 turbinis
919 1187 992 1222 exit

112 1235 249 1270 Marcus
256 1234 373 1270 Dama.
381 1254 430 1260 —
443 1235 631 1281 Papae!—
643 1236 757 1271 Marco
765 1236 1101 1282 spondenterecusas

111 1283 250 1320 credere
265 1288 303 1318 tu
318 1283 562 1319 nummos?—
574 1285 688 1321 Marco
702 1286 770 1321 sub
784 1285 897 1320 iudice
910 1284 1098 1331 palles?—
1141 1291 1174 1319 80

112 1334 250 1370 Marcus
269 1332 368 1368 dixit.
384 1334 496 1369 —Ita
515 1339 579 1369 est.
595 1353 644 1361 -—
663 1338 827 1379 Adsiqna,
842 1335 972 1375 Marce,
994 1336 1101 1369 tabel-

719 1386 785 1418 las.
804 1403 853 1409 —

113 1431 204 1467 Haec
216 1442 311 1466 mera
325 1430 482 1467 libertas:
509 1431 602 1467 hanc
613 1431 715 1467 nobis
728 1431 819 1478 pilea
832 1431 976 1467 donant.

114 1482 168 1517 An
180 1484 361 1526 quisquam
373 1487 421 1516 est
437 1484 528 1516 alius
543 1483 638 1522 liber,
657 1485 726 1517 nisi
738 1484 862 1516 ducere
873 1485 981 1516 vitam

116 1533 172 1565 cui
186 1532 264 1565 licet
276 1535 314 1564 ut
325 1530 458 1565 voluit?
483 1531 578 1565 Licet
590 1537 628 1565 ut
640 1533 715 1566 volo
729 1534 859 1566 vivere:
885 1541 954 1565 non
965 1540 1041 1565 sum

117 1581 256 1614 liberior
269 1578 404 1614 Bruto?
416 1599 465 1606 —
480 1592 497 1612 »
507 1579 669 1615 Mendose
681 1579 816 1627 colligis
823 1593 851 1621 α,
868 1579 985 1626 inquit
1142 1585 1174 1614 85

114 1627 250 1664 Stoicus
263 1628 332 1670 hic,
348 1639 467 1664 aurem
480 1628 632 1664 mordaci
648 1629 738 1665 lotus
750 1634 853 1664 aceto.

117 1678 234 1714 »Haec
261 1676 407 1725 (reliqua
436 1678 597 1726 accipio):
626 1677 727 1715 licet
749 1684 794 1713 ut
823 1677 916 1714 volo
933 1689 956 1714 v
966 1677 1081 1713 ivero
1091 1704 1100 1721 ‚

722 1727 835 1764 tolla«
849 1747 898 1754 -—-
