<?xml version="1.0" encoding="UTF-8"?>
<!DOCTYPE html PUBLIC "-//W3C//DTD XHTML 1.0 Transitional//EN"
    "http://www.w3.org/TR/xhtml1/DTD/xhtml1-transitional.dtd">
<html xmlns="http://www.w3.org/1999/xhtml" xml:lang="en" lang="en">
 <head>
  <title>
</title>
<meta http-equiv="Content-Type" content="text/html;charset=utf-8" />
  <meta name='ocr-system' content='tesseract 3.04.00' />
  <meta name='ocr-capabilities' content='ocr_page ocr_carea ocr_par ocr_line ocrx_word'/>
</head>
<body>
  <div class='ocr_page' id='page_1' title='image "apersiiflaccietd00persuoft_0092.png"; bbox 0 0 1406 2047; ppageno 0'>
   <div class='ocr_carea' id='block_1_1' title="bbox 255 147 306 175">
    <p class='ocr_par' dir='ltr' id='par_1_1' title="bbox 255 147 306 175">
     <span class='ocr_line' id='line_1_1' title="bbox 255 147 306 175; baseline -0.02 0"><span class='ocrx_word' id='word_1_1' title='bbox 255 147 306 175; x_wconf 78' lang='lat'>520</span> 
     </span>
    </p>
   </div>
   <div class='ocr_carea' id='block_1_2' title="bbox 259 639 310 667">
    <p class='ocr_par' dir='ltr' id='par_1_2' title="bbox 259 639 310 667">
     <span class='ocr_line' id='line_1_2' title="bbox 259 639 310 667; baseline 0 0"><span class='ocrx_word' id='word_1_2' title='bbox 259 639 310 667; x_wconf 80' lang='lat'>530</span> 
     </span>
    </p>
   </div>
   <div class='ocr_carea' id='block_1_3' title="bbox 269 1623 319 1651">
    <p class='ocr_par' dir='ltr' id='par_1_3' title="bbox 269 1623 319 1651">
     <span class='ocr_line' id='line_1_3' title="bbox 269 1623 319 1651; baseline 0 0"><span class='ocrx_word' id='word_1_3' title='bbox 269 1623 319 1651; x_wconf 83' lang='lat'>550</span> 
     </span>
    </p>
   </div>
   <div class='ocr_carea' id='block_1_4' title="bbox 328 71 954 105">
    <p class='ocr_par' dir='ltr' id='par_1_4' title="bbox 328 71 954 105">
     <span class='ocr_line' id='line_1_4' title="bbox 328 71 954 105; baseline 0 -1"><span class='ocrx_word' id='word_1_4' title='bbox 328 71 370 104; x_wconf 90' lang='lat'>80</span> <span class='ocrx_word' id='word_1_5' title='bbox 680 74 954 105; x_wconf 71' lang='lat' dir='ltr'><strong>IUVENALIS</strong></span> 
     </span>
    </p>
   </div>
   <div class='ocr_carea' id='block_1_5' title="bbox 326 137 1314 875">
    <p class='ocr_par' dir='ltr' id='par_1_5' title="bbox 326 137 1226 186">
     <span class='ocr_line' id='line_1_5' title="bbox 326 137 1226 186; baseline 0.004 -11"><span class='ocrx_word' id='word_1_6' title='bbox 326 145 376 181; x_wconf 89' lang='lat' dir='ltr'>ut,</span> <span class='ocrx_word' id='word_1_7' title='bbox 396 137 571 186; x_wconf 88' lang='lat' dir='ltr'>quidquid</span> <span class='ocrx_word' id='word_1_8' title='bbox 585 138 692 173; x_wconf 86' lang='lat' dir='ltr'>subiti</span> <span class='ocrx_word' id='word_1_9' title='bbox 707 143 739 173; x_wconf 88' lang='lat' dir='ltr'>et</span> <span class='ocrx_word' id='word_1_10' title='bbox 754 139 869 186; x_wconf 80' lang='lat' dir='ltr'>magni</span> <span class='ocrx_word' id='word_1_11' title='bbox 884 139 1096 176; x_wconf 85' lang='lat' dir='ltr'>discriminis</span> <span class='ocrx_word' id='word_1_12' title='bbox 1113 143 1226 185; x_wconf 83' lang='lat' dir='ltr'>instat,</span> 
     </span>
    </p>

    <p class='ocr_par' dir='ltr' id='par_1_6' title="bbox 327 188 1174 285">
     <span class='ocr_line' id='line_1_6' title="bbox 328 188 1153 234; baseline 0.005 -11"><span class='ocrx_word' id='word_1_13' title='bbox 328 190 365 223; x_wconf 90' lang='lat' dir='ltr'>in</span> <span class='ocrx_word' id='word_1_14' title='bbox 379 189 512 223; x_wconf 90' lang='lat' dir='ltr'>tunicas</span> <span class='ocrx_word' id='word_1_15' title='bbox 526 193 579 223; x_wconf 83' lang='lat' dir='ltr'>eat</span> <span class='ocrx_word' id='word_1_16' title='bbox 592 194 624 223; x_wconf 87' lang='lat' dir='ltr'>et</span> <span class='ocrx_word' id='word_1_17' title='bbox 638 193 747 222; x_wconf 85' lang='lat' dir='ltr'>totum</span> <span class='ocrx_word' id='word_1_18' title='bbox 762 188 867 223; x_wconf 86' lang='lat' dir='ltr'>semel</span> <span class='ocrx_word' id='word_1_19' title='bbox 883 190 996 234; x_wconf 79' lang='lat' dir='ltr'>expiet</span> <span class='ocrx_word' id='word_1_20' title='bbox 1009 201 1153 227; x_wconf 89' lang='lat' dir='ltr'>annum.</span> 
     </span>
     <span class='ocr_line' id='line_1_7' title="bbox 327 237 1174 285; baseline 0.006 -13"><span class='ocrx_word' id='word_1_21' title='bbox 327 238 519 273; x_wconf 87' lang='lat' dir='ltr'>Hibernum</span> <span class='ocrx_word' id='word_1_22' title='bbox 535 237 636 272; x_wconf 83' lang='lat' dir='ltr'>fracta</span> <span class='ocrx_word' id='word_1_23' title='bbox 650 237 759 285; x_wconf 86' lang='lat' dir='ltr'>glacie</span> <span class='ocrx_word' id='word_1_24' title='bbox 773 237 952 273; x_wconf 76' lang='lat' dir='ltr'>descendet</span> <span class='ocrx_word' id='word_1_25' title='bbox 966 239 999 274; x_wconf 93' lang='lat' dir='ltr'>in</span> <span class='ocrx_word' id='word_1_26' title='bbox 1019 251 1174 285; x_wconf 90' lang='lat' dir='ltr'>amnem;</span> 
     </span>
    </p>

    <p class='ocr_par' dir='ltr' id='par_1_7' title="bbox 329 287 1037 334">
     <span class='ocr_line' id='line_1_8' title="bbox 329 287 1037 334; baseline 0.001 -12"><span class='ocrx_word' id='word_1_27' title='bbox 329 292 379 322; x_wconf 90' lang='lat' dir='ltr'>ter</span> <span class='ocrx_word' id='word_1_28' title='bbox 392 288 562 322; x_wconf 82' lang='lat' dir='ltr'>matutino</span> <span class='ocrx_word' id='word_1_29' title='bbox 576 287 690 322; x_wconf 84' lang='lat' dir='ltr'>Tiberi</span> <span class='ocrx_word' id='word_1_30' title='bbox 705 292 891 334; x_wconf 79' lang='lat' dir='ltr'>mergetur,</span> <span class='ocrx_word' id='word_1_31' title='bbox 908 293 939 322; x_wconf 90' lang='lat' dir='ltr'>et</span> <span class='ocrx_word' id='word_1_32' title='bbox 952 288 1037 334; x_wconf 89' lang='lat' dir='ltr'>ipsis</span> 
     </span>
    </p>

    <p class='ocr_par' dir='ltr' id='par_1_8' title="bbox 328 336 1244 482">
     <span class='ocr_line' id='line_1_9' title="bbox 329 336 1227 385; baseline 0.004 -15"><span class='ocrx_word' id='word_1_33' title='bbox 329 337 519 371; x_wconf 81' lang='lat' dir='ltr'>vorticibus</span> <span class='ocrx_word' id='word_1_34' title='bbox 534 336 697 371; x_wconf 86' lang='lat' dir='ltr'>timidum</span> <span class='ocrx_word' id='word_1_35' title='bbox 711 341 813 382; x_wconf 89' lang='lat' dir='ltr'>caput</span> <span class='ocrx_word' id='word_1_36' title='bbox 827 336 959 372; x_wconf 85' lang='lat' dir='ltr'>abluet:</span> <span class='ocrx_word' id='word_1_37' title='bbox 989 338 1067 373; x_wconf 87' lang='lat' dir='ltr'>inde</span> <span class='ocrx_word' id='word_1_38' title='bbox 1081 337 1227 385; x_wconf 82' lang='lat' dir='ltr'>Superbi</span> 
     </span>
     <span class='ocr_line' id='line_1_10' title="bbox 328 386 1244 433; baseline 0.004 -13"><span class='ocrx_word' id='word_1_39' title='bbox 328 391 437 420; x_wconf 89' lang='lat' dir='ltr'>totum</span> <span class='ocrx_word' id='word_1_40' title='bbox 453 386 543 432; x_wconf 86' lang='lat' dir='ltr'>regis</span> <span class='ocrx_word' id='word_1_41' title='bbox 558 397 681 433; x_wconf 81' lang='lat' dir='ltr'>agrum</span> <span class='ocrx_word' id='word_1_42' title='bbox 697 386 790 421; x_wconf 87' lang='lat' dir='ltr'>nuda</span> <span class='ocrx_word' id='word_1_43' title='bbox 805 397 843 422; x_wconf 88' lang='lat' dir='ltr'>ac</span> <span class='ocrx_word' id='word_1_44' title='bbox 856 387 1081 422; x_wconf 86' lang='lat' dir='ltr'>tremebunda</span> <span class='ocrx_word' id='word_1_45' title='bbox 1094 390 1244 426; x_wconf 83' lang='lat' dir='ltr'>eruentis</span> 
     </span>
     <span class='ocr_line' id='line_1_11' title="bbox 329 435 1067 482; baseline 0.004 -13"><span class='ocrx_word' id='word_1_46' title='bbox 329 440 441 481; x_wconf 86' lang='lat' dir='ltr'>erepet</span> <span class='ocrx_word' id='word_1_47' title='bbox 456 435 613 482; x_wconf 80' lang='lat' dir='ltr'>genibus.</span> <span class='ocrx_word' id='word_1_48' title='bbox 657 435 692 470; x_wconf 89' lang='lat' dir='ltr'>Si</span> <span class='ocrx_word' id='word_1_49' title='bbox 707 435 853 471; x_wconf 88' lang='lat' dir='ltr'>candida</span> <span class='ocrx_word' id='word_1_50' title='bbox 870 436 1007 472; x_wconf 80' lang='lat' dir='ltr'>iusserit</span> <span class='ocrx_word' id='word_1_51' title='bbox 1020 437 1067 480; x_wconf 88' lang='lat' dir='ltr'>Io,</span> 
     </span>
    </p>

    <p class='ocr_par' dir='ltr' id='par_1_9' title="bbox 330 484 1075 532">
     <span class='ocr_line' id='line_1_12' title="bbox 330 484 1075 532; baseline 0.004 -13"><span class='ocrx_word' id='word_1_52' title='bbox 330 485 393 519; x_wconf 86' lang='lat' dir='ltr'>ibit</span> <span class='ocrx_word' id='word_1_53' title='bbox 407 484 449 519; x_wconf 86' lang='lat' dir='ltr'>ad</span> <span class='ocrx_word' id='word_1_54' title='bbox 464 485 611 532; x_wconf 74' lang='lat' dir='ltr'>Aegypti</span> <span class='ocrx_word' id='word_1_55' title='bbox 628 484 743 526; x_wconf 84' lang='lat' dir='ltr'>finem,</span> <span class='ocrx_word' id='word_1_56' title='bbox 761 485 940 532; x_wconf 85' lang='lat' dir='ltr'>calidaque</span> <span class='ocrx_word' id='word_1_57' title='bbox 954 487 1075 532; x_wconf 86' lang='lat' dir='ltr'>petitas</span> 
     </span>
    </p>

    <p class='ocr_par' dir='ltr' id='par_1_10' title="bbox 331 534 1167 583">
     <span class='ocr_line' id='line_1_13' title="bbox 331 534 1167 583; baseline 0.005 -15"><span class='ocrx_word' id='word_1_58' title='bbox 331 545 350 568; x_wconf 95' lang='lat' dir='ltr'>a</span> <span class='ocrx_word' id='word_1_59' title='bbox 364 534 475 569; x_wconf 85' lang='lat' dir='ltr'>Meroe</span> <span class='ocrx_word' id='word_1_60' title='bbox 489 534 637 580; x_wconf 86' lang='lat' dir='ltr'>portabit</span> <span class='ocrx_word' id='word_1_61' title='bbox 651 546 771 581; x_wconf 85' lang='lat' dir='ltr'>aquas,</span> <span class='ocrx_word' id='word_1_62' title='bbox 790 540 827 570; x_wconf 92' lang='lat' dir='ltr'>ut</span> <span class='ocrx_word' id='word_1_63' title='bbox 841 542 979 583; x_wconf 86' lang='lat' dir='ltr'>spargat</span> <span class='ocrx_word' id='word_1_64' title='bbox 997 537 1031 571; x_wconf 90' lang='lat' dir='ltr'>in</span> <span class='ocrx_word' id='word_1_65' title='bbox 1049 535 1167 572; x_wconf 85' lang='lat' dir='ltr'>aedem</span> 
     </span>
    </p>

    <p class='ocr_par' dir='ltr' id='par_1_11' title="bbox 330 583 1115 632">
     <span class='ocr_line' id='line_1_14' title="bbox 330 583 1115 632; baseline 0.004 -14"><span class='ocrx_word' id='word_1_66' title='bbox 330 583 444 623; x_wconf 83' lang='lat' dir='ltr'>Isidis,</span> <span class='ocrx_word' id='word_1_67' title='bbox 465 584 608 630; x_wconf 88' lang='lat' dir='ltr'>antiquo</span> <span class='ocrx_word' id='word_1_68' title='bbox 621 595 711 630; x_wconf 86' lang='lat' dir='ltr'>quae</span> <span class='ocrx_word' id='word_1_69' title='bbox 724 585 880 630; x_wconf 80' lang='lat' dir='ltr'>proxima</span> <span class='ocrx_word' id='word_1_70' title='bbox 896 586 1007 632; x_wconf 79' lang='lat' dir='ltr'>surgit</span> <span class='ocrx_word' id='word_1_71' title='bbox 1019 586 1115 621; x_wconf 90' lang='lat' dir='ltr'>ovili.</span> 
     </span>
    </p>

    <p class='ocr_par' dir='ltr' id='par_1_12' title="bbox 331 632 1155 679">
     <span class='ocr_line' id='line_1_15' title="bbox 331 632 1155 679; baseline 0.004 -13"><span class='ocrx_word' id='word_1_72' title='bbox 331 632 445 667; x_wconf 85' lang='lat' dir='ltr'>Credit</span> <span class='ocrx_word' id='word_1_73' title='bbox 459 633 551 667; x_wconf 86' lang='lat' dir='ltr'>enim</span> <span class='ocrx_word' id='word_1_74' title='bbox 568 633 678 679; x_wconf 87' lang='lat' dir='ltr'>ipsius</span> <span class='ocrx_word' id='word_1_75' title='bbox 692 633 852 669; x_wconf 89' lang='lat' dir='ltr'>dominae</span> <span class='ocrx_word' id='word_1_76' title='bbox 867 645 902 669; x_wconf 85' lang='lat' dir='ltr'>sc</span> <span class='ocrx_word' id='word_1_77' title='bbox 916 647 997 670; x_wconf 77' lang='lat' dir='ltr'>voce</span> <span class='ocrx_word' id='word_1_78' title='bbox 1011 635 1155 671; x_wconf 88' lang='lat' dir='ltr'>moneri.</span> 
     </span>
    </p>

    <p class='ocr_par' dir='ltr' id='par_1_13' title="bbox 330 682 1314 875">
     <span class='ocr_line' id='line_1_16' title="bbox 330 682 1313 730; baseline 0.004 -14"><span class='ocrx_word' id='word_1_79' title='bbox 330 682 382 716; x_wconf 90' lang='lat' dir='ltr'>En</span> <span class='ocrx_word' id='word_1_80' title='bbox 398 683 554 717; x_wconf 89' lang='lat' dir='ltr'>animum</span> <span class='ocrx_word' id='word_1_81' title='bbox 570 689 600 717; x_wconf 86' lang='lat' dir='ltr'>et</span> <span class='ocrx_word' id='word_1_82' title='bbox 610 688 771 723; x_wconf 84' lang='lat' dir='ltr'>mentem,</span> <span class='ocrx_word' id='word_1_83' title='bbox 783 694 863 718; x_wconf 89' lang='lat' dir='ltr'>cum</span> <span class='ocrx_word' id='word_1_84' title='bbox 874 695 942 730; x_wconf 87' lang='lat' dir='ltr'>qua</span> <span class='ocrx_word' id='word_1_85' title='bbox 953 685 989 719; x_wconf 91' lang='lat' dir='ltr'>Di</span> <span class='ocrx_word' id='word_1_86' title='bbox 1001 685 1313 730; x_wconf 84' lang='lat' dir='ltr'>nocteloquuntur!</span> 
     </span>
     <span class='ocr_line' id='line_1_17' title="bbox 330 731 1314 778; baseline 0.004 -13"><span class='ocrx_word' id='word_1_87' title='bbox 330 731 422 777; x_wconf 88' lang='lat' dir='ltr'>Ergo</span> <span class='ocrx_word' id='word_1_88' title='bbox 430 731 452 765; x_wconf 88' lang='lat' dir='ltr'><strong>h</strong></span> <span class='ocrx_word' id='word_1_89' title='bbox 459 732 486 765; x_wconf 96' lang='lat' dir='ltr'>ic</span> <span class='ocrx_word' id='word_1_90' title='bbox 494 733 718 777; x_wconf 84' lang='lat' dir='ltr'>praecipuum</span> <span class='ocrx_word' id='word_1_91' title='bbox 728 734 1314 778; x_wconf 82' lang='lat' dir='ltr'>summumquemereturhonorem‚</span> 
     </span>
     <span class='ocr_line' id='line_1_18' title="bbox 332 779 1195 827; baseline 0.003 -14"><span class='ocrx_word' id='word_1_92' title='bbox 332 781 393 825; x_wconf 90' lang='lat' dir='ltr'>qui</span> <span class='ocrx_word' id='word_1_93' title='bbox 408 791 511 826; x_wconf 87' lang='lat' dir='ltr'>grege</span> <span class='ocrx_word' id='word_1_94' title='bbox 526 779 670 827; x_wconf 80' lang='lat' dir='ltr'>linigero</span> <span class='ocrx_word' id='word_1_95' title='bbox 685 780 918 814; x_wconf 89' lang='lat' dir='ltr'>circumdatus</span> <span class='ocrx_word' id='word_1_96' title='bbox 936 786 968 814; x_wconf 86' lang='lat' dir='ltr'>et</span> <span class='ocrx_word' id='word_1_97' title='bbox 981 791 1085 827; x_wconf 85' lang='lat' dir='ltr'>grege</span> <span class='ocrx_word' id='word_1_98' title='bbox 1097 780 1195 816; x_wconf 87' lang='lat' dir='ltr'>calvo</span> 
     </span>
     <span class='ocr_line' id='line_1_19' title="bbox 331 828 1092 875; baseline 0.001 -12"><span class='ocrx_word' id='word_1_99' title='bbox 331 828 530 875; x_wconf 84' lang='lat' dir='ltr'>plangentis</span> <span class='ocrx_word' id='word_1_100' title='bbox 545 828 665 875; x_wconf 80' lang='lat' dir='ltr'>populi</span> <span class='ocrx_word' id='word_1_101' title='bbox 680 830 787 864; x_wconf 90' lang='lat' dir='ltr'>currit</span> <span class='ocrx_word' id='word_1_102' title='bbox 801 828 932 864; x_wconf 91' lang='lat' dir='ltr'>derisor</span> <span class='ocrx_word' id='word_1_103' title='bbox 947 829 1092 864; x_wconf 82' lang='lat' dir='ltr'>Anubis.</span> 
     </span>
    </p>
   </div>
   <div class='ocr_carea' id='block_1_6' title="bbox 297 877 1155 923">
    <p class='ocr_par' dir='ltr' id='par_1_14' title="bbox 297 877 1155 923">
     <span class='ocr_line' id='line_1_20' title="bbox 297 877 1155 923; baseline 0.002 -11"><span class='ocrx_word' id='word_1_104' title='bbox 297 886 308 894; x_wconf 76' lang='lat'><em>&#39;</em></span> <span class='ocrx_word' id='word_1_105' title='bbox 331 877 392 912; x_wconf 94' lang='lat' dir='ltr'>Ille</span> <span class='ocrx_word' id='word_1_106' title='bbox 404 878 488 923; x_wconf 87' lang='lat' dir='ltr'>petit</span> <span class='ocrx_word' id='word_1_107' title='bbox 503 879 653 918; x_wconf 81' lang='lat' dir='ltr'>veniam,</span> <span class='ocrx_word' id='word_1_108' title='bbox 671 880 806 923; x_wconf 85' lang='lat' dir='ltr'>quoties</span> <span class='ocrx_word' id='word_1_109' title='bbox 821 890 889 914; x_wconf 89' lang='lat' dir='ltr'>nou</span> <span class='ocrx_word' id='word_1_110' title='bbox 905 879 1053 914; x_wconf 79' lang='lat' dir='ltr'>abstinet</span> <span class='ocrx_word' id='word_1_111' title='bbox 1067 889 1155 914; x_wconf 88' lang='lat' dir='ltr'>uxor</span> 
     </span>
    </p>
   </div>
   <div class='ocr_carea' id='block_1_7' title="bbox 330 926 1322 1368">
    <p class='ocr_par' dir='ltr' id='par_1_15' title="bbox 330 926 1252 1219">
     <span class='ocr_line' id='line_1_21' title="bbox 330 926 1102 972; baseline -0.001 -9"><span class='ocrx_word' id='word_1_112' title='bbox 330 926 517 963; x_wconf 85' lang='lat' dir='ltr'>concubitu</span> <span class='ocrx_word' id='word_1_113' title='bbox 531 927 638 961; x_wconf 80' lang='lat' dir='ltr'>saeris</span> <span class='ocrx_word' id='word_1_114' title='bbox 652 926 948 972; x_wconf 88' lang='lat' dir='ltr'>observandisque</span> <span class='ocrx_word' id='word_1_115' title='bbox 961 927 1102 962; x_wconf 88' lang='lat' dir='ltr'>diebus:</span> 
     </span>
     <span class='ocr_line' id='line_1_22' title="bbox 332 975 1118 1024; baseline 0.001 -13"><span class='ocrx_word' id='word_1_116' title='bbox 332 987 530 1024; x_wconf 84' lang='lat' dir='ltr'>magnaque</span> <span class='ocrx_word' id='word_1_117' title='bbox 548 976 690 1012; x_wconf 87' lang='lat' dir='ltr'>debetur</span> <span class='ocrx_word' id='word_1_118' title='bbox 705 975 830 1011; x_wconf 84' lang='lat' dir='ltr'>violato</span> <span class='ocrx_word' id='word_1_119' title='bbox 841 987 950 1021; x_wconf 87' lang='lat' dir='ltr'>poena</span> <span class='ocrx_word' id='word_1_120' title='bbox 963 976 1118 1012; x_wconf 84' lang='lat' dir='ltr'>cadurco.</span> 
     </span>
     <span class='ocr_line' id='line_1_23' title="bbox 333 1026 1168 1073; baseline 0.001 -13"><span class='ocrx_word' id='word_1_121' title='bbox 333 1026 376 1061; x_wconf 91' lang='lat' dir='ltr'>Et</span> <span class='ocrx_word' id='word_1_122' title='bbox 394 1027 544 1061; x_wconf 85' lang='lat' dir='ltr'>movisse</span> <span class='ocrx_word' id='word_1_123' title='bbox 558 1031 661 1073; x_wconf 87' lang='lat' dir='ltr'>caput</span> <span class='ocrx_word' id='word_1_124' title='bbox 674 1027 747 1061; x_wconf 80' lang='lat' dir='ltr'>visa</span> <span class='ocrx_word' id='word_1_125' title='bbox 766 1031 818 1061; x_wconf 83' lang='lat' dir='ltr'>est</span> <span class='ocrx_word' id='word_1_126' title='bbox 834 1031 992 1073; x_wconf 84' lang='lat' dir='ltr'>argentea</span> <span class='ocrx_word' id='word_1_127' title='bbox 1008 1037 1168 1073; x_wconf 86' lang='lat' dir='ltr'>serpens:</span> 
     </span>
     <span class='ocr_line' id='line_1_24' title="bbox 334 1075 1252 1123; baseline 0.003 -14"><span class='ocrx_word' id='word_1_128' title='bbox 334 1075 428 1110; x_wconf 89' lang='lat' dir='ltr'>illius</span> <span class='ocrx_word' id='word_1_129' title='bbox 444 1075 616 1111; x_wconf 85' lang='lat' dir='ltr'>lacrumae</span> <span class='ocrx_word' id='word_1_130' title='bbox 630 1076 860 1123; x_wconf 78' lang='lat' dir='ltr'>meditataque</span> <span class='ocrx_word' id='word_1_131' title='bbox 873 1087 1054 1111; x_wconf 88' lang='lat' dir='ltr'>murmura</span> <span class='ocrx_word' id='word_1_132' title='bbox 1067 1080 1252 1122; x_wconf 82' lang='lat' dir='ltr'>praestant,</span> 
     </span>
     <span class='ocr_line' id='line_1_25' title="bbox 333 1125 1179 1174; baseline 0.004 -16"><span class='ocrx_word' id='word_1_133' title='bbox 333 1129 372 1159; x_wconf 87' lang='lat' dir='ltr'>ut</span> <span class='ocrx_word' id='word_1_134' title='bbox 387 1125 523 1159; x_wconf 75' lang='lat' dir='ltr'>veniam</span> <span class='ocrx_word' id='word_1_135' title='bbox 541 1125 663 1171; x_wconf 89' lang='lat' dir='ltr'>culpae</span> <span class='ocrx_word' id='word_1_136' title='bbox 678 1137 745 1161; x_wconf 91' lang='lat' dir='ltr'>non</span> <span class='ocrx_word' id='word_1_137' title='bbox 761 1126 900 1167; x_wconf 86' lang='lat' dir='ltr'>abnuat,</span> <span class='ocrx_word' id='word_1_138' title='bbox 918 1136 1038 1161; x_wconf 83' lang='lat' dir='ltr'>ansere</span> <span class='ocrx_word' id='word_1_139' title='bbox 1052 1136 1179 1174; x_wconf 78' lang='lat' dir='ltr'>magno</span> 
     </span>
     <span class='ocr_line' id='line_1_26' title="bbox 334 1173 1110 1219; baseline 0.003 -12"><span class='ocrx_word' id='word_1_140' title='bbox 334 1173 461 1208; x_wconf 85' lang='lat' dir='ltr'>scilicet</span> <span class='ocrx_word' id='word_1_141' title='bbox 475 1179 507 1208; x_wconf 90' lang='lat' dir='ltr'>ct</span> <span class='ocrx_word' id='word_1_142' title='bbox 521 1175 613 1208; x_wconf 84' lang='lat' dir='ltr'>tenui</span> <span class='ocrx_word' id='word_1_143' title='bbox 629 1185 764 1219; x_wconf 86' lang='lat' dir='ltr'>popano</span> <span class='ocrx_word' id='word_1_144' title='bbox 777 1180 974 1219; x_wconf 85' lang='lat' dir='ltr'>corruptus,</span> <span class='ocrx_word' id='word_1_145' title='bbox 990 1175 1110 1210; x_wconf 88' lang='lat' dir='ltr'>Osiris.</span> 
     </span>
    </p>

    <p class='ocr_par' dir='ltr' id='par_1_16' title="bbox 335 1222 1322 1368">
     <span class='ocr_line' id='line_1_27' title="bbox 383 1222 1322 1268; baseline 0.002 -11"><span class='ocrx_word' id='word_1_146' title='bbox 383 1222 500 1265; x_wconf 83' lang='lat' dir='ltr'>Quum</span> <span class='ocrx_word' id='word_1_147' title='bbox 521 1222 615 1258; x_wconf 85' lang='lat' dir='ltr'>dedit</span> <span class='ocrx_word' id='word_1_148' title='bbox 629 1223 686 1258; x_wconf 86' lang='lat' dir='ltr'>ille</span> <span class='ocrx_word' id='word_1_149' title='bbox 702 1223 833 1265; x_wconf 75' lang='lat' dir='ltr'>locum3</span> <span class='ocrx_word' id='word_1_150' title='bbox 862 1223 1011 1268; x_wconf 87' lang='lat' dir='ltr'>cophino</span> <span class='ocrx_word' id='word_1_151' title='bbox 1025 1222 1193 1267; x_wconf 82' lang='lat' dir='ltr'>soenoque</span> <span class='ocrx_word' id='word_1_152' title='bbox 1207 1224 1322 1259; x_wconf 81' lang='lat' dir='ltr'>relicto</span> 
     </span>
     <span class='ocr_line' id='line_1_28' title="bbox 335 1271 1182 1312; baseline -0.001 -5"><span class='ocrx_word' id='word_1_153' title='bbox 335 1282 495 1307; x_wconf 90' lang='lat' dir='ltr'>arcanam</span> <span class='ocrx_word' id='word_1_154' title='bbox 509 1271 632 1307; x_wconf 86' lang='lat' dir='ltr'>Iudaea</span> <span class='ocrx_word' id='word_1_155' title='bbox 647 1278 798 1307; x_wconf 85' lang='lat' dir='ltr'>tremens</span> <span class='ocrx_word' id='word_1_156' title='bbox 812 1272 986 1307; x_wconf 88' lang='lat' dir='ltr'>mendicat</span> <span class='ocrx_word' id='word_1_157' title='bbox 1001 1271 1035 1305; x_wconf 89' lang='lat' dir='ltr'>in</span> <span class='ocrx_word' id='word_1_158' title='bbox 1050 1281 1182 1312; x_wconf 83' lang='lat' dir='ltr'>aurem,</span> 
     </span>
     <span class='ocr_line' id='line_1_29' title="bbox 336 1319 1234 1368; baseline 0 -13"><span class='ocrx_word' id='word_1_159' title='bbox 336 1322 506 1366; x_wconf 89' lang='lat' dir='ltr'>interpres</span> <span class='ocrx_word' id='word_1_160' title='bbox 521 1320 638 1367; x_wconf 87' lang='lat' dir='ltr'>legum</span> <span class='ocrx_word' id='word_1_161' title='bbox 654 1321 875 1368; x_wconf 87' lang='lat' dir='ltr'>Solymarum</span> <span class='ocrx_word' id='word_1_162' title='bbox 892 1326 924 1355; x_wconf 88' lang='lat' dir='ltr'>et</span> <span class='ocrx_word' id='word_1_163' title='bbox 937 1330 1063 1367; x_wconf 84' lang='lat' dir='ltr'>magna</span> <span class='ocrx_word' id='word_1_164' title='bbox 1078 1319 1234 1356; x_wconf 83' lang='lat' dir='ltr'>sacerdos</span> 
     </span>
    </p>
   </div>
   <div class='ocr_carea' id='block_1_8' title="bbox 302 1368 1084 1405">
    <p class='ocr_par' dir='ltr' id='par_1_17' title="bbox 302 1368 1084 1405">
     <span class='ocr_line' id='line_1_30' title="bbox 302 1368 1084 1405; baseline -0.001 -1"><span class='ocrx_word' id='word_1_165' title='bbox 302 1379 313 1386; x_wconf 71' lang='lat'><em>⁷</em></span> <span class='ocrx_word' id='word_1_166' title='bbox 337 1370 469 1404; x_wconf 89' lang='lat' dir='ltr'>arboris</span> <span class='ocrx_word' id='word_1_167' title='bbox 483 1380 521 1404; x_wconf 91' lang='lat' dir='ltr'>ac</span> <span class='ocrx_word' id='word_1_168' title='bbox 534 1370 666 1405; x_wconf 86' lang='lat' dir='ltr'>summi</span> <span class='ocrx_word' id='word_1_169' title='bbox 681 1370 749 1405; x_wconf 82' lang='lat' dir='ltr'>fida</span> <span class='ocrx_word' id='word_1_170' title='bbox 764 1370 973 1405; x_wconf 89' lang='lat' dir='ltr'>internuntia</span> <span class='ocrx_word' id='word_1_171' title='bbox 987 1368 1084 1404; x_wconf 89' lang='lat' dir='ltr'>coeli.</span> 
     </span>
    </p>
   </div>
   <div class='ocr_carea' id='block_1_9' title="bbox 337 1417 1252 1765">
    <p class='ocr_par' dir='ltr' id='par_1_18' title="bbox 337 1417 1252 1765">
     <span class='ocr_line' id='line_1_31' title="bbox 337 1417 1252 1465; baseline -0.003 -11"><span class='ocrx_word' id='word_1_172' title='bbox 337 1418 460 1465; x_wconf 90' lang='lat' dir='ltr'>Implet</span> <span class='ocrx_word' id='word_1_173' title='bbox 476 1423 508 1453; x_wconf 88' lang='lat' dir='ltr'>et</span> <span class='ocrx_word' id='word_1_174' title='bbox 523 1417 580 1453; x_wconf 89' lang='lat' dir='ltr'>illa</span> <span class='ocrx_word' id='word_1_175' title='bbox 595 1430 751 1459; x_wconf 84' lang='lat' dir='ltr'>manum,</span> <span class='ocrx_word' id='word_1_176' title='bbox 768 1419 829 1453; x_wconf 88' lang='lat' dir='ltr'>sed</span> <span class='ocrx_word' id='word_1_177' title='bbox 841 1418 996 1465; x_wconf 88' lang='lat' dir='ltr'>parcius:</span> <span class='ocrx_word' id='word_1_178' title='bbox 1027 1428 1102 1452; x_wconf 91' lang='lat' dir='ltr'>aere</span> <span class='ocrx_word' id='word_1_179' title='bbox 1117 1417 1252 1452; x_wconf 86' lang='lat' dir='ltr'>minuto</span> 
     </span>
     <span class='ocr_line' id='line_1_32' title="bbox 337 1465 1181 1514; baseline -0.002 -11"><span class='ocrx_word' id='word_1_180' title='bbox 337 1468 608 1514; x_wconf 83' lang='lat' dir='ltr'>qualiacumque</span> <span class='ocrx_word' id='word_1_181' title='bbox 622 1467 715 1503; x_wconf 91' lang='lat' dir='ltr'>voles</span> <span class='ocrx_word' id='word_1_182' title='bbox 732 1468 846 1503; x_wconf 88' lang='lat' dir='ltr'>Iudaei</span> <span class='ocrx_word' id='word_1_183' title='bbox 866 1467 1000 1503; x_wconf 90' lang='lat' dir='ltr'>somnia</span> <span class='ocrx_word' id='word_1_184' title='bbox 1014 1465 1181 1502; x_wconf 83' lang='lat' dir='ltr'>vendunt.</span> 
     </span>
     <span class='ocr_line' id='line_1_33' title="bbox 338 1515 1162 1564; baseline -0.004 -11"><span class='ocrx_word' id='word_1_185' title='bbox 338 1517 490 1564; x_wconf 89' lang='lat' dir='ltr'>Spondet</span> <span class='ocrx_word' id='word_1_186' title='bbox 503 1522 687 1552; x_wconf 86' lang='lat' dir='ltr'>amatorem</span> <span class='ocrx_word' id='word_1_187' title='bbox 704 1522 873 1559; x_wconf 90' lang='lat' dir='ltr'>tenerum,</span> <span class='ocrx_word' id='word_1_188' title='bbox 891 1516 944 1553; x_wconf 88' lang='lat' dir='ltr'>vel</span> <span class='ocrx_word' id='word_1_189' title='bbox 959 1516 1075 1551; x_wconf 89' lang='lat' dir='ltr'>divitis</span> <span class='ocrx_word' id='word_1_190' title='bbox 1088 1515 1162 1550; x_wconf 86' lang='lat' dir='ltr'>orbi</span> 
     </span>
     <span class='ocr_line' id='line_1_34' title="bbox 338 1564 1248 1613; baseline -0.004 -10"><span class='ocrx_word' id='word_1_191' title='bbox 338 1571 582 1603; x_wconf 81' lang='lat' dir='ltr'>testamentum</span> <span class='ocrx_word' id='word_1_192' title='bbox 597 1567 733 1613; x_wconf 81' lang='lat' dir='ltr'>ingenS,</span> <span class='ocrx_word' id='word_1_193' title='bbox 749 1567 879 1602; x_wconf 87' lang='lat' dir='ltr'>calidae</span> <span class='ocrx_word' id='word_1_194' title='bbox 891 1565 1054 1613; x_wconf 89' lang='lat' dir='ltr'>pulmone</span> <span class='ocrx_word' id='word_1_195' title='bbox 1069 1564 1248 1600; x_wconf 86' lang='lat' dir='ltr'>columbae</span> 
     </span>
     <span class='ocr_line' id='line_1_35' title="bbox 338 1615 1237 1664; baseline -0.003 -12"><span class='ocrx_word' id='word_1_196' title='bbox 338 1621 491 1658; x_wconf 81' lang='lat' dir='ltr'>tractato,</span> <span class='ocrx_word' id='word_1_197' title='bbox 505 1615 692 1651; x_wconf 88' lang='lat' dir='ltr'>Armenius</span> <span class='ocrx_word' id='word_1_198' title='bbox 708 1616 761 1652; x_wconf 85' lang='lat' dir='ltr'>vel</span> <span class='ocrx_word' id='word_1_199' title='bbox 778 1617 1031 1664; x_wconf 85' lang='lat' dir='ltr'>Commagenus</span> <span class='ocrx_word' id='word_1_200' title='bbox 1045 1615 1237 1661; x_wconf 81' lang='lat' dir='ltr'>11aruspex;</span> 
     </span>
     <span class='ocr_line' id='line_1_36' title="bbox 340 1663 1096 1713; baseline -0.005 -11"><span class='ocrx_word' id='word_1_201' title='bbox 340 1671 475 1713; x_wconf 88' lang='lat' dir='ltr'>pectora</span> <span class='ocrx_word' id='word_1_202' title='bbox 490 1664 668 1711; x_wconf 88' lang='lat' dir='ltr'>pullorum</span> <span class='ocrx_word' id='word_1_203' title='bbox 683 1667 828 1702; x_wconf 90' lang='lat' dir='ltr'>rimatur</span> <span class='ocrx_word' id='word_1_204' title='bbox 841 1671 873 1702; x_wconf 87' lang='lat' dir='ltr'>et</span> <span class='ocrx_word' id='word_1_205' title='bbox 885 1671 960 1702; x_wconf 86' lang='lat' dir='ltr'>exta</span> <span class='ocrx_word' id='word_1_206' title='bbox 973 1663 1096 1706; x_wconf 85' lang='lat' dir='ltr'>catelli,</span> 
     </span>
     <span class='ocr_line' id='line_1_37' title="bbox 341 1713 1184 1765; baseline -0.006 -13"><span class='ocrx_word' id='word_1_207' title='bbox 341 1716 517 1753; x_wconf 85' lang='lat' dir='ltr'>interdum</span> <span class='ocrx_word' id='word_1_208' title='bbox 533 1719 565 1751; x_wconf 84' lang='lat' dir='ltr'>et</span> <span class='ocrx_word' id='word_1_209' title='bbox 581 1715 697 1763; x_wconf 78' lang='lat' dir='ltr'>pueri3</span> <span class='ocrx_word' id='word_1_210' title='bbox 727 1715 836 1759; x_wconf 83' lang='lat' dir='ltr'>faciet,</span> <span class='ocrx_word' id='word_1_211' title='bbox 854 1715 948 1765; x_wconf 88' lang='lat' dir='ltr'>quod</span> <span class='ocrx_word' id='word_1_212' title='bbox 961 1713 1086 1750; x_wconf 81' lang='lat' dir='ltr'>deferat</span> <span class='ocrx_word' id='word_1_213' title='bbox 1100 1713 1184 1760; x_wconf 90' lang='lat' dir='ltr'>ipse.</span> 
     </span>
    </p>
   </div>
  </div>
 </body>
</html>
