1406 2047
457 103 649 132 SATIRA
675 103 733 132 m.
1047 101 1082 135 51

102 169 203 214 alter,
233 173 266 204 at
279 168 336 203 hic
349 168 486 215 tignum
503 170 604 215 capiti
619 169 750 210 incutit,
767 167 826 204 ille
840 174 1032 206 metretam.

103 218 249 265 Pinguia
264 229 362 253 crura
380 218 468 261 lut03
500 218 615 264 planta
633 230 714 254 mox
727 218 886 265 undique
899 230 1027 267 magna

101 267 222 309 calcor,
240 271 271 302 et
285 267 320 302 in
336 267 444 315 digito
458 268 578 303 clavus
596 269 683 303 mihi
698 268 820 304 militis
835 269 964 304 haeret.

149 318 272 352 Nonne
287 317 398 360 vides,
417 324 548 364 quanto
562 319 752 354 celebretur
765 318 920 364 sportula
934 318 1055 354 fumo?

101 366 249 402 Centum
267 367 450 402 convivae:
481 369 640 414 sequitur
653 380 715 404 sua
730 379 908 415 quemque
920 368 1045 404 culina.
1113 374 1164 402 250

99 415 250 451 Corbulo
265 417 326 451 vix
340 416 441 452 ferret
453 423 500 452 tot
515 430 597 453 vasa
611 419 777 466 ingentia,
792 423 841 453 tot
854 429 908 454 res

100 465 281 511 impositas
294 467 410 512 capiti,
429 479 517 513 quas
532 473 622 503 recto
640 468 767 502 vertice
780 472 893 513 portat

99 515 262 551 servulus
276 516 410 557 infelix,
427 522 460 551 et
472 528 578 551 cursu
592 516 736 553 ventilat
750 517 879 563 ignem.

98 563 314 600 Scinduntur
327 566 463 600 tunicae
477 571 607 601 sartae:
637 565 740 601 modo
754 565 856 612 longa
871 568 1039 604 coruscat,

97 624 232 649 sarraco
246 615 416 657 veniente,
435 615 541 658 abies,
558 620 662 661 atque
677 615 781 650 altera
796 615 922 661 pinum
1114 619 1166 647 255

98 663 252 710 plaustra
267 664 411 706 vehunt,
430 670 554 700 nutant
567 664 654 700 altae
667 664 869 711 populoque
883 664 1077 699 minantur.

98 714 187 748 Nam
206 714 236 748 si
250 715 446 759 procubuit,
464 715 526 761 qui
540 726 625 750 saxa
638 715 815 762 Ligustica
832 718 957 760 portat,

100 762 186 802 axis,
204 767 236 796 et
250 774 412 797 eversum
425 763 516 809 fugit
528 775 633 808 super
647 764 789 808 agmina
802 768 970 803 montem,

101 810 187 857 quid
196 811 401 854 superestde
408 812 611 853 corporibus
619 811 724 854 c3quis
733 812 902 851 membra,
915 811 997 856 quis
1004 821 1082 846 ossa

100 859 254 895 invenit?
279 858 455 893 Obtritum
470 857 568 903 vulgi
583 858 671 902 perit
683 869 786 893 omne
799 859 946 893 cadaver
1114 865 1165 894 260

100 920 195 944 more
208 909 358 944 animae.
403 907 533 941 Domus
550 907 677 941 interea
692 918 812 942 secura
825 907 969 953 patellas

101 959 170 993 iam
190 957 281 992 lavat
297 962 330 991 et
343 957 450 991 bucca
465 955 617 991 foculum
635 957 771 998 excitat,
789 962 822 992 et
839 962 938 993 sonat
951 959 1066 993 unctis

100 1007 283 1054 striglibus
297 1011 329 1042 et
343 1005 444 1052 pleno
457 1005 634 1052 componit
648 1005 753 1041 lintea
770 1011 881 1054 gutto.

99 1058 188 1092 Haec
201 1057 289 1091 inter
307 1067 431 1102 pueros
446 1056 539 1090 varie
553 1061 800 1101 properantur:
830 1054 936 1090 atille

100 1107 169 1141 iam
183 1106 278 1141 sedet
290 1106 326 1140 in
341 1106 414 1151 ripa
430 1110 627 1150 tetrumque
641 1105 800 1140 novicius
817 1105 933 1139 horret
1113 1110 1164 1139 265

98 1155 289 1202 porthmea,
307 1164 370 1188 nec
381 1158 494 1198 sperat
507 1153 643 1187 coenosi
656 1153 807 1200 gurgitis
821 1153 943 1188 alnum

100 1204 233 1244 infelix,
252 1212 314 1237 nec
331 1201 446 1243 habet,
464 1213 569 1248 quem
584 1202 749 1250 porrigat,
767 1214 825 1238 ore
840 1203 1012 1239 trientem.

145 1252 289 1298 Respice
303 1262 397 1286 nunc
409 1250 476 1286 alia
491 1263 529 1286 ac
542 1251 677 1287 diversa
691 1252 846 1299 pericula
858 1253 989 1291 noctis:

96 1302 191 1349 quod
205 1301 356 1348 spatium
375 1302 471 1336 tectis
486 1301 713 1344 sublimibus,
732 1303 826 1338 unde
839 1303 1021 1338 cerebrum

95 1357 181 1387 testa
200 1350 293 1393 ferit3
323 1351 460 1397 quoties
473 1352 602 1385 rimosa
615 1356 648 1385 et
661 1357 758 1386 curta
771 1351 930 1386 fenestris
1109 1358 1160 1386 270

97 1413 179 1437 vasa
196 1400 337 1443 cadant3
366 1405 499 1446 quanto
512 1411 719 1445 percussum
733 1400 884 1446 pondere
898 1401 1037 1449 signent

96 1455 129 1487 et
147 1450 284 1485 laedant
301 1449 448 1484 silicem.
489 1449 605 1484 Possis
618 1450 768 1497 ignavus
783 1450 904 1486 haberi

97 1505 130 1536 et
142 1500 251 1535 subiti
262 1510 366 1534 casus
385 1499 617 1544 improvidus,
637 1499 682 1534 ad
694 1511 836 1535 coenam
850 1500 882 1535 si

97 1551 280 1585 intestatus
293 1560 364 1584 eas.
406 1548 500 1584 Adeo
514 1554 562 1584 tot
575 1548 654 1591 sata,
670 1555 755 1596 quot
771 1549 830 1585 illa

98 1604 196 1635 nocte
212 1603 330 1645 patent
342 1598 479 1647 vigiles,
497 1603 530 1633 te
546 1603 793 1644 praetereunte,
810 1598 986 1635 fenestrae.
1106 1605 1158 1633 275

96 1649 189 1697 Ergo
202 1653 297 1696 optes
311 1653 504 1694 votumque
521 1647 610 1683 feras
624 1648 821 1685 miserabile
833 1654 961 1691 tecum,

99 1702 136 1734 ut
146 1699 216 1734 sint
229 1703 406 1734 contentae
420 1697 556 1744 patulas
569 1697 756 1734 defundere
769 1699 899 1745 pelves.

145 1749 276 1785 Ebrius
289 1759 328 1784 ac
337 1747 509 1795 petulans,
525 1748 588 1795 qui
601 1748 740 1784 nullum
756 1748 840 1785 forte
851 1747 984 1788 cecidit,

878 1810 938 1845 132
