1406 2047
257 304 290 331 30

254 794 287 821 40

253 1039 286 1067 45

255 1285 288 1311 50

331 82 373 115 20
696 86 734 113 Α.
766 84 935 114 PERSII

331 155 379 190 ut,
397 154 568 195 quantum
582 149 670 184 mihi
685 155 716 184 te
730 151 872 186 sinuoso
886 151 921 185 in
937 156 1068 196 pectore
1086 149 1158 193 fixi,

331 209 412 234 voce
427 199 561 234 traham
575 210 674 245 pura,
693 204 875 246 totumque
892 200 956 235 hoc
970 200 1074 235 verba
1089 202 1278 249 resignent,

329 247 424 295 quod
439 247 518 283 latet
531 259 653 283 arcana
668 259 737 283 non
751 248 942 284 enarrabile
956 249 1051 284 libra.

378 296 497 340 Quum
511 298 666 344 primum
680 298 807 344 pavido
821 299 1190 345 custosmihipurpura
1199 300 1311 340 cessit,

330 346 496 392 bullaque
508 347 693 381 succinctis
708 347 840 382 laribus
854 347 976 382 donata
991 348 1152 393 pependit
1166 361 1173 391 ;

329 406 443 441 quum
461 395 581 430 blandi
595 396 749 437 comites,
768 401 906 442 totaque
920 396 1063 442 impune
1076 397 1231 432 Suburra

327 444 485 490 permisit
499 445 668 490 sparsisse
681 445 799 480 oculos
817 446 886 480 iam
900 445 1068 480 candidus
1086 446 1209 490 umbo;

329 504 513 539 quumque
529 494 591 528 iter
603 494 811 542 ambiguum
825 499 886 537 est,
902 500 935 529 et
949 495 1037 530 vitae
1051 496 1188 532 nescius
1201 506 1294 531 error

275 563 288 577 a
327 542 459 578 diducit
473 542 623 588 trepidas
641 555 776 578 ramosa
790 545 826 578 in
840 544 988 588 compita
1003 550 1152 579 mentes:

326 602 382 626 me
398 592 459 626 tibi
474 593 658 638 supposui.
700 593 848 628 Teneros
863 597 898 627 tu
913 592 1063 638 suscipis
1077 604 1185 628 annos

326 639 507 682 Socratico,
525 641 686 683 Cornute,
703 642 797 676 sinu.
838 642 935 676 Tunc
949 641 1064 676 fallere
1077 641 1197 678 sollers

326 690 481 735 adposita
496 690 639 725 intortos
653 690 806 725 extendit
820 690 938 738 regula
956 701 1081 732 mores,

326 744 358 773 et
371 739 542 783 premitur
554 740 685 775 ratione
698 740 838 775 animus
854 740 1017 785 vincique
1035 739 1176 780 laborat,

326 787 563 832 artificemque
577 793 637 822 tuo
654 788 751 821 ducit
764 789 832 822 sub
849 788 970 832 pollice
988 788 1139 821 vultum.

326 836 453 871 Tecum
469 836 595 870 etenim
611 835 732 883 longos
747 836 891 871 memini
905 846 1109 871 consumere
1125 835 1225 877 soles,

325 891 357 920 et
371 891 483 920 tecum
498 885 629 931 primas
643 885 755 931 epulis
769 885 949 931 decerpere
963 891 1086 920 noctes.

328 935 443 970 Unum
458 945 546 980 opus
559 940 591 969 et
605 936 761 982 requiem
774 936 902 982 pariter
916 934 1136 980 disponimus
1150 934 1263 975 ambo.

326 989 430 1030 atque
449 984 642 1019 verecunda
657 984 817 1020 laxamus
835 985 924 1019 seria
938 995 1071 1018 mensa.

325 1034 400 1068 Non
415 1033 579 1079 equidem
593 1034 657 1070 hoc
669 1034 820 1076 dubites,
841 1033 1026 1068 amborum
1040 1031 1174 1068 foedere
1187 1037 1278 1067 certo

325 1084 518 1118 consentire
532 1083 616 1125 dies,
633 1089 666 1119 et
679 1083 723 1118 ab
736 1094 807 1118 uno
821 1083 932 1118 sidere
945 1082 1038 1116 duci.

326 1132 447 1166 Nostra
464 1132 517 1167 vel
535 1132 672 1178 aequali
689 1132 872 1177 suspendit
889 1137 1041 1176 tempora
1056 1131 1159 1166 Libra

325 1181 428 1215 Parca
444 1186 545 1215 tenax
559 1181 644 1222 veri,
662 1192 724 1215 seu
739 1186 815 1215 nata
832 1180 993 1214 fidelibus
1009 1179 1091 1213 hora

325 1228 451 1264 dividit
465 1230 500 1264 in
515 1229 681 1265 Geminos
697 1229 876 1264 concordia
893 1227 958 1263 fata
972 1227 1133 1267 duorum,

326 1278 588 1324 Saturnumque
601 1290 744 1327 gravem
759 1283 875 1313 nostro
890 1278 968 1312 Iove
985 1276 1179 1322 frangimus
1199 1286 1277 1310 una.

328 1327 450 1362 Nescio
483 1327 578 1373 quod
612 1332 701 1362 certe
731 1332 794 1368 est,
829 1326 924 1373 quod
954 1336 1009 1359 me
1035 1325 1098 1359 tibi
1128 1330 1308 1370 temperat.

863 1379 1006 1410 astrum.
1021 1394 1070 1400 -

376 1423 471 1459 Mille
484 1424 670 1460 hominum
688 1424 830 1470 species,
847 1429 880 1459 et
897 1435 1013 1459 rerum
1026 1421 1173 1458 discolor
1187 1434 1286 1458 usus.

326 1472 422 1508 Velle
436 1486 543 1509 suum
556 1475 685 1520 cuique
699 1479 761 1515 est,
780 1485 842 1508 nec
858 1478 937 1508 voto
953 1473 1082 1509 vivitur
1095 1484 1174 1508 uno.

326 1523 500 1557 Mercibus
520 1524 577 1558 hic
593 1523 686 1558 Italis
702 1528 813 1558 mutat
830 1523 897 1558 sub
912 1521 982 1557 sole
1000 1522 1124 1558 recenti

280 1590 287 1603 κ
327 1583 495 1619 rugosum
509 1573 608 1618 piper
625 1577 657 1607 et
671 1572 830 1618 pallentis
844 1583 951 1619 grana
963 1572 1113 1607 cumini:

327 1621 384 1656 hic
397 1627 492 1656 satur
507 1622 639 1669 irriguo
653 1621 786 1657 mavult
800 1627 992 1669 turgescere
1005 1632 1143 1662 somno:

327 1670 384 1705 hic
398 1682 521 1717 campo
536 1671 709 1719 indulget:
738 1671 833 1707 hunc
847 1671 918 1707 alea
931 1671 1106 1717 decoquit:
1138 1668 1195 1705 illc

329 1721 365 1756 in
382 1721 547 1757 Venerem
561 1726 612 1758 est
627 1721 758 1768 putris:
790 1721 850 1757 sed
864 1732 975 1768 quum
989 1719 1141 1766 lapidosa
1155 1719 1312 1766 chiragra
