1406 2047
264 122 309 148 1v
564 119 759 145 PERSH
792 118 939 144 VITA.

265 184 365 211 cessit.
403 182 503 210 Coluit
515 185 549 210 ut
564 187 677 217 patrem
693 179 850 208 Servilium
864 180 1042 207 Nonianum.
1082 179 1142 207 Per
1158 179 1319 206 cornutum

266 231 403 265 cognovit
433 230 587 258 Annaeum
613 230 703 257 etiam
731 228 898 259 Lucanum,
933 236 1126 264 aequaexum,
1156 227 1319 254 auditorem

266 277 400 304 Cornuti.
433 276 509 304 Nam
526 277 675 305 Cornutus
689 275 741 304 illo
757 280 890 310 tempore
904 276 1032 309 tragicus
1045 276 1116 307 fuit,
1133 279 1231 302 sectae
1240 274 1320 302 stoi-

267 334 327 357 cae,
341 326 390 360 qui
404 324 497 352 libros
512 324 720 360 philosophiae
730 323 861 357 reliquit.
885 322 943 350 Sed
959 323 1095 350 Lucanus
1104 323 1177 349 adeo
1192 323 1321 349 miraha-

267 377 314 400 tur
334 373 448 408 scripta
462 371 574 404 Flacci,
587 377 622 399 ut
635 373 688 399 vix
700 372 846 398 retineret
861 379 902 401 se,
917 369 969 397 illo
982 372 1136 401 recitante,
1152 379 1168 397 a
1182 370 1319 398 clamore.

267 421 352 456 [quin
371 420 425 447 illa
445 429 515 447 vera
529 428 594 446 esse
609 423 746 454 poemata
761 418 897 453 diceret]
931 417 1004 445 Sero
1019 419 1154 451 cog-'novit
1168 417 1321 449 Senecam,

267 469 317 495 sed
339 477 397 495 nou
416 471 448 494 ut
468 470 625 502 caperetur
644 467 707 493 eius
726 467 855 499 ingenio.
896 465 975 492 Usus
996 470 1041 493 est
1061 466 1140 500 apud
1160 464 1321 492 Cornutum

268 517 389 543 duorum
410 516 545 542 convictu
567 515 801 542 doctissimorum
821 513 958 544 virorum,
980 514 1088 540 acriter
1107 518 1167 540 tum
1188 513 1321 549 philoso-

265 563 436 600 phantium,
463 562 581 589 Claudii
603 561 809 595 Agathemeri,
829 561 936 587 medici
956 560 1199 594 Lacedaemonii,
1215 564 1246 589 et
1264 561 1322 588 Pe-

267 612 356 638 tronii
376 610 580 641 Aristocratis,
596 609 753 643 Magnetis,
773 617 846 644 quos
863 609 949 636 unice
967 610 1091 636 miratus
1110 613 1155 636 est
1175 612 1206 636 et
1224 617 1323 636 aemn-

268 659 359 691 latus,
379 668 466 694 quum
487 656 628 691 aequales
647 659 756 688 esseut,
775 659 806 684 et
823 657 947 683 Cornuti
969 656 1104 683 minores.
1144 657 1213 692 lpse
1233 658 1322 683 etiam

269 707 370 734 decem
390 706 455 733 fere
474 705 562 732 anuis
581 713 693 732 summe
714 703 840 731 dilectus
856 713 873 731 a
891 705 987 731 Paeto
1007 704 1141 731 Thrasea
1160 711 1216 735 est,
1237 705 1322 730 itaut

268 755 511 790 peregrinaretur
524 761 639 788 quoque
653 761 718 780 cum
732 760 766 779 eo
780 751 951 787 aliquando,
967 757 1122 785 cognatam
1136 753 1199 779 eius
1207 751 1323 778 Arriam

267 810 394 829 uxorem
433 801 571 828 habente.
610 800 683 827 Fuit
712 808 822 826 morum
855 798 1090 830 lenissimorum,
1127 798 1324 825 verecundiae

268 848 432 884 virginalis,
447 848 561 875 formae
576 847 730 883 pulchrae,
750 847 872 881 pietatis
886 855 957 879 erga
972 850 1093 873 matrem
1107 851 1137 874 et
1151 850 1282 874 sororem
1295 850 1324 873 et

270 899 390 926 amitam
411 895 554 931 exemplo
569 895 757 923 sufficientis.
796 894 867 921 Fuit
882 894 959 927 frugi
975 898 1005 921 et
1019 895 1153 929 pudicus.
1191 892 1324 928 Reliquit

269 947 349 974 circa
365 946 534 973 sestertium
554 944 646 971 vicies
666 943 751 970 matri
772 946 802 969 et
821 943 929 969 sorori:
951 943 1071 977 scriptis
1091 945 1188 969 tamen
1207 943 1244 968 ad
1263 949 1323 968 ma-

270 1000 344 1021 trem
366 992 512 1021 codicillis
532 992 657 1026 rogavit,
678 995 710 1018 ut
730 992 815 1017 daret
838 990 970 1016 Cornuto
987 990 1134 1021 sestertia,
1149 993 1183 1016 ut
1197 989 1326 1023 quidam,

271 1045 406 1073 centnm,
428 1045 460 1068 ut
481 1039 533 1068 alii
552 1039 666 1070 volunt,
685 1038 764 1075 plns,
785 1042 816 1064 et
835 1038 950 1070 argenti
965 1037 1037 1063 facti
1054 1037 1152 1072 pondo
1165 1037 1282 1070 viginti,
1296 1041 1325 1063 et

271 1090 364 1117 libros
384 1091 462 1117 circa
474 1088 691 1124 septingentos,
706 1088 767 1114 sive
782 1084 992 1113 bibliothecam
1008 1093 1088 1111 suam
1103 1093 1228 1111 omnem.
1266 1084 1327 1111 Ve-

270 1146 336 1164 rum
357 1136 514 1168 Cornutus,
535 1135 664 1163 sublatis
684 1134 786 1165 libris,
802 1133 956 1169 pecuniam
980 1133 1073 1160 sorori
1089 1136 1119 1159 et
1137 1133 1240 1164 matri,
1255 1139 1328 1166 quas

271 1185 396 1212 heredes
421 1185 552 1215 fecerat,
577 1182 707 1217 reliquit.
746 1182 786 1209 Et
812 1189 893 1211 raro,
921 1184 950 1206 et
969 1180 1052 1206 tarde
1071 1181 1202 1214 scripsit.
1243 1179 1329 1206 Hunc

273 1234 371 1268 ipsum
390 1231 501 1259 librum
518 1231 726 1267 imperfectum
747 1228 878 1263 reliquit.
918 1228 1030 1255 Versus
1048 1226 1139 1261 aliqui
1155 1228 1246 1254 demti
1260 1231 1328 1255 sunt

273 1279 376 1307 ultimo
390 1279 469 1313 libri,
479 1284 510 1307 ut
518 1280 602 1315 quasi
615 1278 716 1306 finitus
731 1281 820 1305 esset.
842 1276 963 1303 Lexiter
978 1275 1151 1302 retractavit
1167 1276 1326 1307 Cornutus,

274 1332 304 1355 et
332 1327 438 1355 Caesio
470 1328 563 1355 Basso
587 1327 702 1363 petenti
725 1328 758 1353 ut
782 1326 847 1360 ipse
874 1325 991 1356 ederet,
1018 1323 1144 1350 tradidit
1169 1323 1327 1350 edendum.

275 1375 406 1411 Scripsit
419 1376 509 1402 etiam
525 1376 556 1402 in
577 1375 707 1409 pueritia
728 1373 855 1401 Flaccus
869 1372 1072 1403 Fuscianum,
1090 1368 1329 1400 οιὍδοιπομικῶν

274 1424 382 1451 librum
395 1432 495 1455 uuum,
510 1426 541 1450 et
558 1430 669 1458 paucos
683 1422 772 1448 uxori
785 1420 940 1447 Thraseae
955 1420 983 1446 iu
998 1419 1113 1446 Arriam
1127 1422 1250 1445 matrem
1263 1425 1328 1444 ver·

276 1481 335 1503 sus,
355 1479 430 1506 quae
445 1480 476 1498 se
497 1474 566 1498 ante
579 1471 673 1499 virum
693 1469 852 1497 occiderat.
893 1468 997 1495 Omnia
1015 1471 1111 1493 autem
1133 1475 1168 1494 ea
1182 1465 1330 1492 Cornutus

277 1523 379 1547 auctor
402 1519 462 1547 fuit
483 1519 571 1546 matri
596 1519 659 1545 eius
679 1520 711 1545 ut
729 1516 874 1544 aboleret.
914 1516 1031 1544 Editum
1057 1514 1164 1541 librum
1190 1513 1328 1540 continuo

277 1568 379 1595 mirari
403 1566 538 1595 homines
565 1569 596 1593 et
621 1566 749 1601 diripere
769 1568 940 1600 coeperunt.
980 1563 1119 1592 Decessit
1139 1566 1236 1589 autem
1257 1560 1330 1589 vitio

278 1614 430 1647 stomachi,
444 1623 519 1642 anno
534 1615 643 1642 aetatis
656 1620 767 1641 xxnx.

677 1709 936 1728 -ψ-
