1406 2047
287 220 338 248 ¹¹5

290 1003 341 1030 130

291 1248 341 1276 135

293 1542 345 1572 140

295 1790 346 1821 143

360 143 422 177 440
707 143 983 173 IUVENAiAs

358 224 428 259 quo
442 212 574 258 loquor,
589 211 768 259 egregium
777 209 927 256 populus
934 214 1030 257 putat
1039 215 1140 258 atque
1149 212 1340 248 verendum

359 262 525 296 artificem
540 275 546 296 :
576 262 707 308 quippe
721 261 776 295 his
788 265 947 295 crescunt
962 261 1166 306 patrimonia
1182 261 1303 297 fabris.

359 311 426 346 Sed
443 316 599 346 crescunt
613 320 836 356 quocumque
849 309 962 351 modo,
979 310 1178 357 maioraque
1193 311 1282 348 liunt

359 360 484 395 incude
497 359 641 394 adsidua
655 370 860 406 semperque
874 358 1011 394 ardente
1020 360 1170 396 camino.

360 409 402 443 Et
416 415 511 454 pater
523 420 605 456 ergo
619 409 727 444 animi
741 409 854 444 felices
871 408 978 444 credit
991 419 1122 450 avaros,

359 459 421 504 qui
435 459 607 493 mirantur
624 470 717 505 opes,
733 459 795 505 qui
815 457 911 493 nulla
925 458 1081 505 exempla
1094 459 1183 494 beati

359 508 522 554 pauperis
536 519 610 543 esse
624 513 759 554 putant.
793 509 939 543 Iuvenes
952 507 1116 549 hortatur,
1132 515 1170 543 ut
1185 507 1279 543 illam

361 558 409 591 ire
426 557 518 592 viam
533 564 677 604 pergant
691 563 723 592 et
735 557 846 592 eidem
861 557 1062 592 incumbere
1074 563 1194 592 sectae.

360 605 448 641 Sunt
461 607 632 652 quaedam
647 607 810 641 vitiorum
824 605 1009 641 elementa:
1033 607 1087 641 liis
1095 612 1259 653 protenus
1268 605 1345 642 illos

361 655 488 690 imbuit
501 661 533 690 et
546 656 636 703 cogit
650 656 814 690 minimas
828 655 977 690 ediscere
990 656 1122 691 sordes.

307 710 336 737 2⁷
359 704 440 738 Mox
453 705 653 749 acquirendi
669 705 764 738 docet
779 704 973 738 insatiabile
987 710 1121 738 votum.

359 752 546 786 Servorum
560 758 694 786 ventres
712 752 828 785 modio
841 751 984 797 castigat
999 751 1132 796 iniquo,

361 801 435 847 ipse
456 811 597 847 quoque
615 801 791 835 esuriens:
820 810 935 845 neque
956 799 1051 834 enim
1070 800 1188 836 omnia
1200 800 1348 838 sustinet

896 858 1069 894 umquam

361 898 498 933 mucida
513 897 659 934 caerulei
675 898 775 945 panis
789 908 993 933 consumere
1006 897 1128 940 frusta,

361 948 563 983 hesternum
577 948 698 983 solitus
713 947 827 983 medio
844 958 981 983 servare
994 947 1140 983 minutal

361 996 572 1043 Septembri:
603 1009 665 1033 nec
683 1009 751 1033 non
766 997 901 1033 differre
915 998 950 1033 in
969 1003 1121 1044 tempora
1138 1008 1262 1034 coenae

361 1046 502 1082 alterius
516 1048 680 1083 conchem
699 1048 820 1083 aestivi
834 1059 914 1082 cum
932 1052 1029 1094 parte
1043 1047 1158 1084 lacerti

361 1096 533 1142 signatam
548 1097 601 1132 vel
616 1098 763 1133 dimidio
777 1098 940 1145 putrique
953 1097 1074 1139 siluro,

362 1145 491 1191 filaque
505 1147 624 1181 sectivi
643 1153 820 1183 numerata
839 1147 1014 1183 includere
1027 1146 1131 1194 porri.

361 1194 530 1229 Invitatus
545 1195 588 1228 ad
606 1196 689 1231 haec
706 1197 834 1242 aliquis
849 1197 890 1232 de
903 1202 1016 1243 ponte,
1032 1195 1181 1244 negabit.

361 1242 429 1277 Sed
443 1254 514 1289 quo
527 1243 667 1278 divitias
681 1245 763 1279 haec
777 1256 838 1290 per
852 1251 1020 1280 tormenta
1034 1251 1179 1285 coactas,

363 1303 476 1338 quum
493 1291 589 1327 furor
602 1293 695 1327 haud
710 1294 854 1336 dubius,
871 1305 984 1339 quum
997 1294 1042 1327 sit
1056 1292 1236 1327 manifesta
1246 1292 1350 1338 phre-

898 1352 1004 1382 nes1s‚

363 1394 404 1424 ut
417 1388 569 1436 locuples
582 1390 751 1431 moriaris,
769 1390 901 1437 egentis
915 1391 1031 1425 vivere
1044 1389 1135 1426 sato‘?

364 1440 495 1474 Interea
510 1439 612 1485 pleno
625 1451 738 1486 quum
753 1445 866 1487 turget
879 1439 1038 1474 sacculus
1054 1450 1123 1481 ore,

364 1490 485 1524 crescit
502 1500 598 1524 amor
613 1490 724 1531 numi,
742 1494 912 1536 quantum
928 1490 1002 1535 ipsa
1020 1489 1164 1536 pecunia
1177 1488 1315 1532 crescit3

366 1543 398 1573 et
417 1539 536 1574 minus
554 1539 644 1574 hanc
665 1544 768 1586 optat,
793 1540 854 1585 qui
870 1551 939 1574 nou
956 1539 1067 1574 habet.
1105 1539 1198 1586 Ergo
1212 1543 1350 1585 paratur

367 1587 471 1623 altera
489 1588 572 1624 villa
586 1589 662 1631 tibi,
680 1600 792 1635 quum
805 1601 867 1624 rus
883 1600 951 1624 non
965 1588 1092 1624 sufficit
1105 1599 1231 1629 unum,

365 1642 398 1672 et
411 1636 560 1683 proferre
577 1637 659 1673 libet
674 1638 777 1682 fines3
806 1638 986 1685 maiorque
1003 1638 1138 1674 videtur

365 1692 398 1721 et
411 1686 533 1722 melior
549 1688 662 1723 vicina
676 1699 791 1736 seges:
820 1689 982 1724 mercaris
995 1693 1028 1723 et
1039 1687 1130 1722 hanc
1142 1691 1176 1723 et

367 1736 507 1771 arbusta
520 1742 552 1771 et
565 1737 672 1772 densa
687 1744 839 1773 montem
856 1739 918 1785 qui
930 1742 1026 1774 canet
1038 1736 1140 1772 oliva.

367 1786 524 1829 Quorum
539 1786 567 1821 si
584 1788 690 1833 pretio
705 1787 868 1825 dominus
883 1800 951 1825 non
966 1788 1117 1824 vincitur
1131 1785 1213 1829 ullo,
