1406 2047
151 230 203 271 A.
261 227 610 269 PERSII
678 226 1048 268 FLACCI

354 342 474 371 VITA
501 341 564 369 EX
593 341 853 371 SUEToNlo.

151 528 200 570 Α.
214 544 337 571 Persius
350 542 478 571 Flaccus
490 546 578 570 natus
593 544 639 569 est
651 541 750 577 pridie
763 549 855 569 nonas
869 541 1059 573 Decembres,
1074 541 1133 568 Fa-

79 594 128 620 bio
152 592 291 623 Persico,
311 591 346 618 L.
372 590 497 618 Vitellio
518 599 591 618 coss.
610 590 640 622 l)
668 590 806 617 Decessit
829 596 891 617 vul
910 588 1055 616 kalendas
1072 590 1132 617 De-

79 641 220 671 cembres,
234 640 270 666 P.
285 640 391 670 Mario,
403 639 437 665 L.
449 638 553 665 Asinio
569 637 658 665 Gallo
673 638 786 672 ωειλ)

152 687 252 715 'Natus
271 688 300 714 in
320 686 443 713 Etruria
461 685 638 718 Volaterris‚
660 694 750 721 eques
764 685 925 717 Romanus,
946 685 1088 719 sanguine
1104 690 1133 712 et

81 736 226 762 affinitate
252 736 339 770 primi
359 735 472 761 ordinis
489 733 565 761 viris
585 735 767 765 coniunctus,
789 734 918 760 decessit
938 734 977 760 ad
999 738 1132 760 octavum

82 782 255 809 milliarium
268 783 317 808 via
330 782 439 815 Appia,
454 783 484 807 in
498 782 631 815 praediis
646 782 717 808 suis.
757 781 851 808 Pater
862 782 925 808 eius
939 780 1065 807 Flaccus
1078 788 1135 814 pu-

84 829 188 865 pillum
208 828 332 863 reliquit
351 828 493 858 moriens,
514 836 656 854 annorum
675 829 739 854 fere
759 837 824 854 sex.
864 827 972 854 Fulvia
992 827 1134 854 Sisennia

82 882 176 904 mater
202 875 306 911 nupsit
332 878 437 910 postea
457 875 563 905 Fusio,
591 876 684 910 equiti
703 876 852 902 Romano:
879 879 909 902 et
933 883 998 901 eum
1019 883 1134 910 quoque

82 923 192 951 extulit
212 925 290 950 intra
305 931 416 958 paucos
436 930 537 949 annos.
577 922 698 949 Studuit
712 921 838 950 Flaccus
856 931 948 956 usque
967 923 1005 948 ad
1026 931 1134 949 aunum

81 978 141 998 xu-
163 970 345 998 Volaterris:
377 970 446 997 inde
478 970 590 997 Romae
617 971 696 1005 apud
722 970 943 1003 grammaticum
968 970 1134 996 Remmium

82 1019 302 1051 Palaemonem,
334 1022 364 1046 et
395 1017 474 1053 apud
498 1018 646 1045 rhetorem
671 1017 839 1051 virginium
865 1016 1000 1043 Flavum.
1039 1017 1133 1048 Quum

81 1071 162 1095 esset
182 1075 325 1095 annorum
345 1073 414 1097 ΧΠ,
434 1065 564 1093 amicitia
585 1066 684 1100 coepit
703 1066 746 1092 uti
766 1064 880 1092 Annaei
897 1064 1030 1096 Cornuti,
1046 1065 1089 1092 ita
1101 1069 1135 1091 ut

82 1116 118 1142 ab
133 1124 166 1142 eo
181 1123 323 1149 nusquam
338 1114 518 1141 discederet:
539 1122 557 1139 a
568 1121 624 1147 quo
637 1112 775 1140 inductus
789 1112 977 1148 aliquatenus
990 1113 1022 1139 in
1035 1111 1134 1147 philo-

81 1162 215 1198 sophiam
240 1165 294 1188 est.
332 1158 395 1187 Sed
419 1169 491 1187 mox
514 1163 549 1187 ut
573 1168 590 1187 a
616 1159 717 1187 schola
743 1165 773 1188 et
791 1160 941 1195 magistris
961 1160 1134 1191 diverterat,

78 1209 156 1237 lecto
176 1208 254 1235 libro
273 1207 385 1235 Lucilii
405 1208 527 1240 decimo,
546 1207 738 1236 vehementer
751 1208 865 1236 Satiras
879 1217 1057 1244 componere
1073 1211 1135 1234 stu-

79 1257 158 1284 duit:
179 1257 262 1284 cuius
275 1255 347 1283 libri
361 1256 541 1291 principium
551 1257 686 1284 imitatus
700 1261 756 1288 est,
772 1258 830 1284 sibi
842 1258 947 1292 primn,
956 1265 1028 1283 mox
1041 1256 1134 1282 omni-

78 1305 132 1332 bus
153 1305 383 1336 detrectatur-us,
403 1313 467 1331 cum
489 1307 573 1332 tanta
590 1306 753 1333 recentium
773 1308 927 1340 poetarum
941 1308 972 1331 et
986 1308 1134 1330 oratorum

77 1353 290 1384 insectatione,
311 1356 344 1379 ut
364 1352 452 1379 etiam
471 1350 622 1379 Neronem
646 1351 822 1387 culpaverit.
863 1352 955 1378 Cuius
980 1359 1085 1378 versus
1105 1351 1135 1377 in

77 1399 227 1428 Neronem
248 1409 336 1435 quum
355 1400 398 1426 ita
417 1408 449 1426 se
466 1398 603 1427 haberet:
627 1399 791 1426 Auriculas
810 1399 892 1427 asini
909 1398 998 1426 Mida
1011 1407 1066 1425 rex
1079 1398 1134 1425 Ῑια-

78 1448 141 1476 bet:
162 1448 193 1475 in
207 1447 284 1475 hunc
298 1447 414 1475 modum
427 1456 443 1474 a
457 1447 596 1478 Cornuto,
612 1447 678 1482 ipso
689 1447 817 1474 nondum
831 1449 955 1478 mortuo,
976 1450 1023 1473 est
1036 1455 1135 1473 emen·

79 1495 180 1522 datus:
206 1494 369 1522 Auriculas
391 1494 472 1522 asini
490 1495 553 1531 quis
574 1503 636 1522 non
659 1494 766 1522 hahet?
785 1504 822 1522 ne
840 1495 895 1522 hoc
908 1493 990 1521 Nero
1003 1495 1035 1521 in
1049 1503 1080 1521 se
1090 1495 1134 1521 di-

78 1546 157 1571 ctum
171 1543 374 1571 arbitraretur.
394 1543 514 1570 Amicos
528 1542 631 1570 habuit
645 1552 661 1569 a
673 1543 769 1578 prima
783 1542 983 1570 adolescentia
998 1542 1133 1569 Caesium

78 1591 211 1623 Bassum,
230 1594 359 1627 poetam,
374 1594 405 1619 et
420 1590 616 1627 Calpurnium
630 1589 744 1624 Suram,
761 1592 810 1626 qui
823 1600 858 1619 eo
871 1592 939 1618 vivo
953 1590 1068 1618 iuvenis
1084 1589 1134 1616 de-

140 1693 165 1724 1)
179 1693 212 1717 A.
227 1692 258 1717 ab
271 1694 303 1716 v.
319 1694 348 1718 c.
362 1696 417 1724 787,
436 1703 450 1718 a
470 1695 498 1720 c.
512 1694 548 1718 N.
561 1697 602 1724 aa,
617 1695 642 1719 a.
654 1694 747 1719 4Dec.
772 1695 798 1726 2)
811 1695 845 1720 Α.
865 1694 896 1719 ab
908 1695 940 1718 v.
962 1695 990 1719 c.
1003 1695 1058 1719 815.
1079 1702 1092 1717 a
1107 1694 1133 1717 c.

79 1733 116 1757 N.
128 1736 169 1762 62,
181 1735 206 1759 a,
218 1737 251 1759 24
261 1735 332 1760 Nov.

850 1780 914 1816 Aa>
