1373 2036
436 127 625 157 SATIRA
650 126 724 157 Vn.
1027 127 1068 160 89

86 203 192 237 quam
205 190 354 226 Basilus.
394 191 481 227 Rara
497 193 531 227 in
546 193 814 229 tenuifaeundia
830 205 957 240 panno.
1090 202 1142 233 145

85 240 230 283 Quando
243 239 319 274 licet
332 239 469 276 flentem
485 242 596 277 Basilo
609 243 795 289 producere
809 244 978 280 matrem?

84 290 164 335 quis
178 289 264 323 bene
277 289 446 325 dicentem
463 292 618 332 Basilum
633 292 740 327 ferat?
765 294 919 340 Accipiat
937 299 969 329 te

84 337 207 379 Gallia,
225 337 278 373 vel
295 339 409 383 potius
425 341 597 376 nutricula
611 342 878 385 causidicorum,

81 385 206 428 Africa,
226 387 256 421 si
270 388 399 433 placuit
413 389 603 423 mercedem
619 401 744 435 ponere
758 391 908 437 linguae.

128 435 326 471 Declamare
343 437 467 472 doces?
492 438 521 472 O
538 438 645 473 ferrea
660 443 795 484 pectora
815 440 921 483 veen,
1089 451 1140 479 150

79 495 191 530 quum
203 486 344 531 perimit
362 498 482 522 saevos
497 487 618 522 classis
632 500 817 524 numerosa
832 493 1017 537 tyrannos!

78 533 167 569 Nam
182 545 424 582 quaecumque
436 536 559 572 sedens
574 537 677 572 modo
690 538 828 585 legerat,
844 540 929 576 haec
941 541 1062 578 eadem

611 592 706 622 stans

76 630 215 677 profert,
234 638 337 679 atque
350 633 469 669 eadem
486 635 636 670 cantabit
653 637 815 672 versibus
830 638 951 674 isdem.

77 681 210 716 Occidit
227 683 371 718 miseros
385 684 524 719 crambe
538 686 677 731 repetita
691 687 888 733 magistros.

76 729 163 772 Quis
177 730 268 766 color
280 738 312 767 et
326 733 421 778 quod
429 734 602 769 sitcausae
610 747 734 782 genus,
745 737 1065 783 atqueubisumma
1087 745 1137 774 155

76 780 244 824 quaestio,
260 792 349 825 quae
363 783 504 816 veniant
517 784 674 818 diversae
692 785 775 819 forte
789 788 944 832 sagittae,

77 838 179 862 nosse
193 827 314 865 volunt
327 840 460 872 omnes,
478 833 670 868 mercedem
687 833 820 868 solvere
839 847 952 871 nemo.

77 877 291 913 »Mercedem
314 878 489 925 appellas?
515 880 607 924 Quid
627 882 721 917 enim
735 883 852 919 scio‘?«
878 885 990 932 Culpa
1003 885 1065 922 do-

611 933 719 967 centis

74 973 204 1010 scilieet
219 977 389 1023 arguitur,
406 979 501 1023 quod
516 979 611 1014 laeva
627 982 662 1015 in
678 987 774 1026 parte
787 983 964 1019 mamillae

75 1023 125 1059 nil
139 1024 218 1059 salit
232 1026 397 1061 Arcadico
411 1027 540 1068 iuveni,
558 1029 658 1064 cuius
674 1031 760 1063 mihi
775 1038 872 1065 sexta
1084 1041 1136 1069 160

74 1084 215 1119 quaque
228 1074 284 1110 die
298 1076 466 1111 miserum
481 1076 579 1112 dirus
592 1084 696 1124 caput
710 1079 879 1114 Hannibal
895 1080 1026 1126 implet,

73 1123 249 1169 quidquid
267 1124 302 1159 id
315 1130 376 1167 est,
393 1125 435 1160 de
449 1138 519 1172 quo
533 1127 709 1169 deliberat,
727 1141 770 1163 an
784 1134 874 1174 petat
889 1130 1015 1166 Urbem

74 1183 92 1205 a
107 1171 248 1214 Cannis,
265 1185 308 1208 an
322 1181 399 1220 post
415 1176 552 1210 nimbos
567 1183 598 1211 et
611 1177 758 1211 fulmina
773 1184 898 1213 cautus

72 1221 284 1268 circumagat
297 1223 455 1257 madidas
468 1236 486 1258 a
503 1229 700 1271 tempestate
713 1227 878 1263 cohortes.

71 1269 248 1311 Quantum
265 1271 318 1305 vis
330 1271 507 1317 stipulare,
524 1280 556 1308 et
564 1280 730 1321 protenus
745 1278 869 1322 accipe,
881 1278 977 1325 quod
989 1278 1044 1320 do,
1082 1286 1132 1314 165

70 1323 109 1352 ut
126 1319 225 1354 toties
240 1319 341 1355 illum
354 1327 451 1367 pater
464 1323 590 1359 audiat.
606 1345 654 1351 —
673 1326 761 1360 Haec
776 1327 834 1361 alii
852 1339 915 1363 sex

69 1372 102 1402 et
119 1367 238 1413 plures
252 1381 322 1404 uno
335 1371 549 1408 conclamant
563 1385 620 1409 ore
633 1374 826 1419 Sophistae,

70 1422 104 1451 et
120 1429 218 1452 veras
232 1419 362 1465 agitant
377 1419 464 1462 lites,
487 1428 621 1467 raptore
635 1424 764 1459 relicto.

69 1465 164 1501 Fusa
178 1479 310 1503 venena
324 1468 437 1510 silent,
455 1471 569 1506 malus
584 1473 814 1520 ingratusque
831 1475 988 1517 maritus,

70 1519 102 1550 et
117 1527 206 1562 quae
220 1517 289 1552 iam
304 1524 433 1553 veteres
448 1527 571 1556 sanant
587 1524 748 1558 mortaria
761 1535 888 1559 caecos.
1080 1531 1132 1558 170

69 1564 163 1612 Ergo
177 1567 244 1601 sibi
259 1567 353 1602 dabit
369 1569 440 1614 ipse
455 1569 589 1611 rudem,
607 1572 637 1605 si
656 1578 769 1608 nostra
785 1573 976 1608 movebunt

70 1615 225 1657 consilia,
242 1622 274 1651 et
288 1617 377 1652 vitae
391 1619 569 1654 diversum
587 1621 648 1656 iter
662 1622 884 1669 ingredietur,

71 1664 115 1699 ad
126 1676 283 1712 pugnam
297 1670 359 1713 qui
373 1668 539 1704 rhetorica
553 1670 727 1705 descendit
741 1672 783 1707 ab
797 1673 935 1713 umbra,

70 1715 251 1750 summula
263 1727 306 1751 ne
320 1723 446 1762 pereat⁷
464 1730 533 1764 qua
548 1719 628 1753 vilis
642 1725 768 1755 tessera
787 1722 882 1756 venit

71 1761 254 1801 frumenti:
284 1767 415 1814 quippe
429 1767 513 1804 haec
525 1779 655 1804 merces
669 1768 874 1805 lautissima.
920 1770 1038 1811 Tema,
1080 1776 1131 1803 175
