1406 2047
267 256 300 283 70

270 747 302 774 SO

271 992 304 1019 s:-

275 1238 307 1265 90

339 82 381 116 66
687 82 966 112 IUVENALIS

338 156 371 186 et
383 160 494 185 vacuo
509 148 696 195 clausoque
710 154 834 182 sonant
846 147 916 184 fora
930 147 1002 183 sola
1016 148 1157 190 theatro,

342 205 446 246 atque
460 210 479 233 a
493 198 638 245 plebeiis
655 198 754 244 longe
768 196 961 243 Megalesia,
979 198 1092 232 tristes

337 259 522 296 personam
537 248 770 294 thyrsumque
782 251 908 285 tenent.
925 252 957 281 et
974 246 1130 294 subligar
1143 246 1233 282 Acci.

341 297 486 334 Urbicus
501 297 623 332 exodio
637 297 747 330 risum
762 301 875 330 movet
889 295 1062 331 Atellanae

338 347 494 394 gestibus
510 347 703 381 Autonoes:
733 345 827 379 hunc
839 343 953 391 diligit
967 344 1061 396 Aelia
1077 355 1221 391 pauper.

341 396 495 431 Solvitur
510 395 566 430 his
581 405 708 441 magno
721 393 874 429 comoedi
888 393 1005 429 libula.
1045 394 1143 437 Sunt,
1160 405 1250 441 quae

340 446 609 492 Chrysogonum
621 450 757 479 cantare
770 448 896 478 vetent.
937 443 1093 489 Hispulla
1107 443 1267 490 tragoedo

339 495 479 542 gaudet.
519 494 574 529 An
589 499 777 540 exspectas,
793 498 832 528 ut
845 490 1082 535 Quintilianus
1096 492 1252 529 ametur‘?

339 544 476 589 Accipis
491 554 647 584 uxorem,
665 543 707 577 de
721 554 789 589 qua
803 542 1020 577 citharoedus
1033 541 1166 577 Echion

340 598 400 627 aut
421 592 622 639 Glaphyrus
641 592 698 626 fiat
716 598 822 637 pater,
845 592 1121 638 Ambrosiusque
1134 590 1323 626 choraules.

339 642 459 689 Longa
472 653 532 687 per
548 647 713 688 angustos
729 641 878 688 ligamus
892 640 1026 686 pulpita
1046 641 1156 676 vicos:

340 696 506 726 ornentur
521 697 634 736 postes
647 696 679 725 et
690 690 813 737 grandi
831 691 933 724 ianua
947 690 1055 731 lauro,

341 746 379 775 ut
394 740 585 774 testudineo
598 740 674 780 tibi,
692 739 846 778 Lentule,
861 749 1011 783 conopeo
1266 758 1269 760 -

342 788 471 824 nobilis
484 788 678 834 Euryalum
693 787 941 820 mirmillonem
960 786 1131 830 exprimat
1146 783 1269 819 infans.

392 838 508 882 Nupta
522 836 676 871 Senatori
689 835 847 870 comitata
861 839 912 868 est
925 834 1049 879 Hippia
1065 833 1217 868 Ludium

343 886 387 921 ad
402 887 537 920 Pharon
552 890 583 920 et
596 884 714 919 Nilum
730 883 930 929 famosaque
944 883 1078 918 moenia
1092 883 1190 930 Lagi,

344 935 502 982 prodigia
517 940 548 969 et
562 945 675 969 mores
691 934 792 969 Urbis
806 933 993 967 damnante
1008 932 1159 978 Canopo.

343 986 530 1020 Immemor
545 984 602 1019 illa
617 984 742 1019 domus
755 988 788 1018 et
801 983 959 1029 coniugis
973 987 1076 1028 atque
1089 981 1227 1022 sororis,

344 1034 393 1069 nil
408 1034 540 1079 patriae
555 1033 711 1074 indulsit,
727 1032 972 1079 plorantesque
985 1031 1142 1077 improba
1157 1035 1266 1071 natos,

344 1088 454 1128 utque.
466 1084 579 1130 magis
593 1088 744 1129 stupeas,
762 1081 918 1117 Paridem
936 1080 1106 1127 ludosque
1121 1079 1275 1126 reliquit.

345 1131 413 1167 Sed
427 1143 642 1177 quamquam
658 1133 692 1166 in
708 1129 845 1178 magnis
854 1131 978 1176 opibus
993 1130 1184 1176 plumaque
1192 1134 1331 1175 paterna

345 1187 379 1217 et
396 1181 618 1227 segmentatis
632 1181 816 1215 dormisset
828 1179 971 1224 parvula
985 1180 1098 1219 cunis,

346 1231 527 1266 contemsit
545 1229 707 1276 pelagus:
738 1228 865 1263 samam
880 1231 1106 1261 contemserat
1117 1225 1214 1266 olim,

350 1280 450 1314 cuius
464 1280 557 1324 apud
572 1279 692 1313 molles
708 1278 852 1312 minima
867 1282 917 1311 est
933 1277 1061 1310 iactura
1079 1274 1270 1309 cathedras.

348 1328 547 1375 Tyrrhenos
561 1328 667 1373 igitur
680 1327 803 1361 fluctus
823 1327 958 1370 lateque
975 1330 1156 1359 sonantem

350 1376 491 1424 pertulit
505 1376 640 1410 Ionium
654 1375 823 1409 constanti
838 1379 982 1419 pectore,
1000 1373 1163 1419 quamvis

349 1425 561 1462 mutandum
578 1425 676 1459 toties
689 1429 778 1458 esset
792 1434 899 1457 mare.
940 1423 1032 1456 Iusta
1048 1420 1165 1467 pericli

280 1484 313 1510 93
352 1476 383 1510 si
399 1475 484 1510 ratio
497 1479 549 1510 est
565 1479 597 1509 et
611 1474 764 1513 honesta,
783 1472 905 1507 timent
919 1471 1112 1517 pavidoque
1123 1469 1281 1517 gelantur

352 1530 497 1571 pectore,
515 1535 577 1558 nec
590 1522 748 1558 tremulis
762 1526 909 1567 possunt
924 1521 1079 1556 insistere
1092 1519 1236 1566 plantis.-

353 1574 475 1609 sortem
497 1573 654 1608 animum
676 1577 850 1618 praestant
869 1570 984 1612 rebus,
1006 1581 1094 1617 quas
1111 1569 1256 1615 turpiter
1276 1579 1337 1604 au-

888 1620 981 1655 dent.

357 1672 393 1708 Si
411 1671 525 1707 iubeat
537 1671 676 1711 coniux,
693 1669 822 1705 durum
837 1676 888 1705 est
900 1667 1123 1704 conscendere
1138 1667 1274 1710 navim3

357 1727 439 1758 tunc
454 1721 587 1756 sentina
601 1720 731 1768 gravis.r
750 1725 832 1755 tunc
845 1730 1006 1755 summus
1021 1718 1163 1754 vertitur
1177 1728 1244 1753 aer.
