1406 2047
271 211 305 239 15

269 455 302 483 20

272 1577 306 1607 40

341 134 383 169 26
742 135 773 164 Α.
803 135 973 164 PERSII

342 203 510 238 ditescant
524 202 587 237 orti
602 200 792 248 peioribus,
809 212 923 247 usque
936 211 1092 236 recusem

341 263 470 287 curvus
484 252 528 286 ob
543 251 578 286 id
595 251 706 286 minui
723 251 831 290 senio,
852 255 911 284 aut
925 261 1066 285 coenare
1079 251 1154 286 sine
1167 256 1282 293 uncto,

341 307 373 337 et
391 303 532 348 signum
549 301 582 335 in
599 301 722 347 vapida
736 311 820 335 naso
833 300 984 346 tetigisse
999 300 1128 347 lagena.
1144 320 1193 326 —

391 352 564 395 Discrepet
579 350 634 384 his
651 350 753 384 alius.
796 349 972 390 Geminos,
990 349 1188 395 horoscope,
1208 360 1290 385 varo

340 399 504 446 producis
517 399 633 445 genio.
648 419 698 425 —
724 398 815 432 Solis
831 397 1005 432 natalibus
1019 403 1070 432 est
1083 400 1145 444 qui

340 449 450 495 tingat
468 447 545 482 olus
557 448 688 482 siccum
702 447 817 482 muria
831 446 926 482 vafer
940 447 975 481 in
988 446 1090 481 calice
1107 452 1209 489 emta,

343 498 416 544 ipse
430 508 566 532 sacrum
583 497 734 531 irrorans
747 497 884 543 patinae
897 496 1008 542 piper.
1048 497 1111 531 Hic
1123 496 1211 532 bona
1226 496 1328 533 dente

340 547 484 593 grandia
494 547 741 593 magnanimus
749 547 879 593 peragit
888 557 1040 591 pucr.--
1053 546 1216 594 Utarego,
1233 551 1325 588 utar,

345 607 407 630 nec.
421 596 585 630 rhombos
601 596 676 630 ideo
691 596 822 631 libertis
835 607 962 641 ponere
977 595 1103 637 lautus,

344 656 406 679 nec
420 650 557 679 tenuem
573 645 680 680 solers
695 646 877 680 turdarum
892 656 994 680 nosse
1006 645 1163 679 salivam.

340 694 451 728 Messe
467 699 568 729 tenus
583 695 720 741 propria
735 695 826 736 vive,
850 700 881 729 et
894 695 1053 741 granaria
1067 693 1130 740 (sas
1144 693 1206 738 cst)

341 742 463 778 emole.
514 743 607 786 Quid
628 743 787 779 metuas?
805 764 855 770 —
873 743 979 783 Occa3
1002 754 1043 777 en
1060 754 1157 790 seges
1171 743 1273 777 altera
1293 742 1328 776 in

875 792 982 825 herba
994 797 1058 824 est.
1073 811 1122 816 —

342 840 384 873 At
401 844 497 873 vocat
511 838 684 873 officium:
713 839 810 873 trabe
824 844 924 884 rupta
939 839 1068 872 Bruttia
1087 849 1170 873 saxa

343 888 481 933 prendit
505 888 638 922 amicus
665 887 767 934 inops
777 915 784 929 ‚
818 899 964 933 remque
989 898 1128 922 omnem
1155 887 1331 934 surdaque

875 945 956 971 vota

341 985 494 1020 condidit
508 985 621 1020 Ionio:
650 985 735 1019 iacet
753 984 827 1031 ipse
841 985 876 1019 in
892 985 1000 1026 litore,
1018 989 1050 1019 et
1062 996 1132 1020 una

342 1035 497 1081 ingentes
512 1034 554 1069 de
568 1045 684 1080 puppe
698 1034 766 1075 dei,
785 1035 925 1080 iamque
938 1034 1041 1068 obvia
1054 1034 1184 1081 mergis

340 1089 433 1118 costa
448 1085 529 1118 ratis
545 1084 686 1118 lacerae.
705 1103 754 1109 —
768 1083 869 1118 Nunc
882 1089 914 1118 et
927 1083 969 1118 de
982 1083 1109 1129 cespite
1123 1083 1205 1118 vivo

342 1132 460 1179 frange
474 1133 627 1179 aliquid:
658 1132 782 1179 largire
795 1134 900 1178 inopi,
918 1144 961 1167 ne
975 1133 1086 1178 pit-tus
1099 1133 1234 1177 oberres

343 1181 496 1216 caerulea
513 1182 546 1216 in
562 1181 692 1215 tabula.
707 1201 756 1207 —
772 1181 840 1215 Sed
854 1193 994 1215 coenam
1012 1181 1143 1216 funeris
1159 1182 1257 1216 lieres

343 1230 493 1277 negliget
509 1231 627 1270 iratus,
649 1229 744 1275 quod
759 1241 829 1264 rem
846 1230 1053 1264 curtaveris:
1083 1241 1192 1264 urnae

341 1291 418 1314 ossa
431 1279 572 1314 inodora
587 1279 693 1319 dabit,
711 1291 772 1313 seu
786 1279 915 1324 spirent
930 1279 1090 1313 cinnama
1104 1278 1265 1320 surdum,

343 1340 405 1363 seu
421 1339 538 1363 ceraso
551 1333 690 1374 peccent
703 1329 826 1368 casiae,
843 1329 974 1363 nescire
983 1332 1135 1374 paratus.

343 1390 359 1410 ›>
371 1379 461 1412 Teme
476 1380 750 1412 bonaincolumis
760 1382 894 1413 minuas
902 1377 920 1411 5>
927 1391 943 1410 «
955 1397 1004 1403 —
1017 1377 1082 1412 Sed
1090 1377 1224 1412 Bestius
1233 1382 1332 1425 urget

342 1426 495 1461 doctores
510 1426 649 1461 Graios:
679 1428 735 1461 Ita
747 1429 795 1470 fit,
810 1433 990 1471 postquam
1002 1438 1120 1471 sapere
1134 1430 1212 1461 urbi

346 1487 420 1510 cum
442 1480 561 1520 pipere
587 1482 618 1510 et
639 1477 767 1519 palmis
785 1479 876 1510 venit
897 1482 1050 1510 nostrum
1068 1478 1130 1511 hoc
1143 1479 1252 1511 maris·
1271 1487 1333 1511 εοε-

873 1537 973 1568 pers:

342 1576 529 1618 soenisecae
543 1584 660 1607 crasso
672 1576 842 1608 vitiarunt
855 1578 1002 1618 unyuine
1015 1575 1137 1618 pultes.
1151 1593 1200 1599 —

343 1623 432 1657 Haec
445 1622 558 1657 cinere
573 1621 714 1657 ulterior
729 1623 886 1658 metuas‘?
907 1643 956 1649 —
971 1622 1015 1658 At
1028 1628 1076 1662 tu.
1095 1634 1194 1657 meus
1209 1623 1308 1658 heres

345 1672 510 1717 quisquis
523 1672 602 1713 eris.
620 1669 778 1718 paullum
794 1684 812 1707 a
827 1673 926 1708 turba
940 1672 1111 1707 seductior
1123 1672 1204 1707 audi
1218 1687 1223 1707 :

345 1720 397 1755 »O
412 1721 512 1763 bone,
535 1732 621 1755 num
643 1721 808 1768 ignoras?
833 1723 938 1757 Missa
951 1726 1002 1757 est
1015 1734 1033 1756 a
1054 1722 1197 1757 Caesare
1214 1721 1333 1757 laurus

346 1770 520 1818 insignem
535 1770 580 1805 ob
592 1771 726 1806 cladem
742 1771 933 1807 Germanae
945 1771 1063 1818 pubis,
1079 1776 1111 1806 et
1129 1771 1198 1806 aris
