1406 2047
427 148 617 177 SATIRA
642 148 696 177 v1.
1010 143 1052 177 73

71 214 209 251 nullum
221 214 351 248 crimen
365 213 461 248 abest
474 213 677 260 facinusque
691 212 860 254 lihidinis,
877 223 920 248 ex
934 223 1004 260 quo

71 268 250 311 paupertas
265 263 416 298 Romana
431 267 530 308 perit.
572 264 658 297 Hinc
675 261 774 297 fluxit
792 262 834 296 ad
847 263 930 297 istos
1074 267 1125 296 295

71 319 104 349 et
117 312 258 359 Sybaris
270 311 385 354 colles,
404 312 485 347 hinc
499 318 530 346 et
545 312 682 346 Rhodos
694 317 725 346 et
738 310 870 346 Miletos

71 367 173 407 atque
185 367 385 396 coronatum
402 361 561 407 petulans
574 361 825 406 madidumque
839 361 1036 396 Tarentum.

69 410 184 445 Prima
199 411 396 458 peregrinos
409 411 575 446 obscoena
589 411 733 456 pecunia
747 421 860 445 mores

70 458 198 500 intulit,
216 464 249 494 et
267 461 359 506 turpi
373 459 548 507 fregerunt
562 460 696 494 saecula
711 459 799 494 luxu

69 507 212 543 divitiae
226 508 359 544 molles.
401 509 493 551 Quid
506 509 598 543 enim
613 510 731 543 Venus
745 508 838 542 ebria
855 504 976 541 curat‘.>
1074 510 1126 539 800

70 557 229 604 Inguinis
242 563 273 592 et
286 558 408 602 capitis
421 569 510 602 quae
525 558 595 592 sint
607 557 820 597 discrimina,
839 555 957 595 nescit,

69 603 215 653 grandia
229 617 317 652 quae
331 606 455 641 mediis
469 606 538 640 iam
554 606 714 641 noctibus
727 611 835 640 ostrea
850 603 994 645 mordet,

70 665 182 701 quum
197 654 334 701 perfusa
347 666 442 690 mero
456 660 621 701 spumant
639 659 814 702 unguenta
830 653 987 694 Falerno,

71 714 182 750 quum
196 704 328 740 bibitur
344 705 484 746 concha,
499 716 612 750 quum
630 705 698 739 iam
714 703 882 750 vertigine
896 708 1023 738 tectum

72 752 240 794 ambulat,
256 759 289 788 et
302 754 452 799 geminis
465 754 621 799 exsurgit
634 765 753 787 mensa
767 752 932 788 lucernis.
1077 755 1127 784 305

72 801 88 835 1
103 811 196 835 nunc
208 807 239 836 et
255 801 387 841 dubita,
405 813 474 847 qua
492 802 625 836 sorbeat
640 813 716 835 aera
729 811 839 835 sanna

73 850 205 891 Maura,
225 850 414 884 Pudicitiae
428 855 572 884 veterem
588 861 698 895 quum
714 849 872 896 praeterit
886 858 999 890 aram3

73 898 188 933 Tullia
204 899 290 944 quid
306 899 396 933 dicat
413 905 510 934 notae
528 898 684 934 collactea
700 899 850 933 Maurae.

73 947 239 983 Noctibus
255 948 309 982 hic
323 954 455 993 ponunt
469 948 615 988 lecticas,
635 948 838 983 micturiunt
850 946 908 981 hic

73 995 297 1043 effigiemque
311 997 398 1031 Deae
408 995 519 1043 longis
532 996 739 1042 siphonibus
756 995 913 1042 implent,
1079 1004 1129 1033 310

74 1045 182 1091 inque
195 1046 287 1080 vices
300 1046 454 1091 equitant
466 1056 504 1080 ae
519 1045 600 1080 luna
614 1050 696 1079 teste
712 1050 908 1081 moventur.

75 1094 158 1130 Inde
172 1094 292 1130 domos
307 1094 450 1129 abeunt:
481 1100 517 1129 tu
534 1094 655 1135 calcas,
672 1094 748 1128 luce
761 1105 909 1137 reversa,

75 1143 233 1190 coniugis
247 1144 398 1183 urinam,
414 1154 559 1189 magnos
574 1144 714 1177 visurus
732 1142 873 1177 amicos.

75 1193 160 1226 Nota
174 1193 286 1227 Bonae
300 1197 427 1226 secreta
442 1193 539 1232 Deae,
557 1203 669 1237 quum
683 1191 767 1226 tibia
781 1190 919 1228 lumbos

75 1241 204 1281 incitat,
220 1245 252 1274 et
265 1250 373 1275 cornu
386 1240 512 1285 pariter
525 1240 677 1286 vinoque
690 1239 848 1276 feruntur
1079 1249 1130 1277 315

73 1289 242 1330 attonitae,
257 1289 459 1335 crinemque
471 1294 583 1325 rotant
594 1289 801 1336 ululantque
815 1291 931 1336 Priapi

72 1337 268 1374 Maenades.
307 1337 336 1372 O
353 1344 505 1383 quantus
518 1344 601 1374 tunc
615 1339 684 1373 illis
702 1339 877 1374 mentibus
892 1338 993 1374 ardor

73 1387 296 1422 concubitus!
326 1398 414 1432 quae
430 1399 497 1422 vox
511 1387 655 1422 saltante
668 1388 830 1422 libidine!
859 1394 1012 1434 quantus

73 1435 133 1472 ille
146 1437 233 1472 meri
247 1436 370 1471 veteris
384 1447 444 1481 per
457 1447 557 1470 crura
571 1436 743 1471 madentia
755 1437 905 1472 torrens!

75 1485 257 1521 Lenonum
272 1485 413 1520 ancillas
428 1486 538 1531 posita
551 1485 705 1520 Laufella
718 1496 841 1520 corona
1079 1492 1131 1521 320

74 1540 249 1581 provocat,
267 1540 300 1569 et
314 1534 401 1569 tollit
415 1534 595 1580 pendentis
609 1535 760 1580 praemia
774 1545 889 1570 coxae.

75 1584 153 1630 Ipsa
166 1583 376 1619 Medullinae
389 1583 526 1619 frictum
542 1584 719 1619 crissantis
732 1583 868 1618 adorat:

75 1632 230 1679 palmam
245 1633 334 1668 inter
350 1633 509 1669 dominas
526 1634 636 1668 virtus
650 1633 825 1669 natalibus
838 1637 973 1679 aequat.

77 1682 134 1717 Nil
149 1682 198 1717 ibi
215 1694 276 1728 per
288 1682 414 1718 ludum
428 1682 668 1718 simulabitur:
695 1683 812 1718 omnia
825 1682 910 1718 fient

79 1730 123 1766 ad
135 1742 270 1774 verum,
287 1733 419 1778 quibus
436 1733 570 1767 incendi
587 1733 656 1767 iam
669 1731 818 1780 frigidus
831 1742 916 1768 aevo
1082 1735 1134 1764 325

78 1779 382 1818 Laomedontiades
396 1787 428 1817 et
441 1782 593 1818 Nestoris
609 1781 728 1818 hernia
740 1781 862 1828 possit.
