1406 2047
466 112 657 142 SATIRA
682 111 741 141 1112
1089 107 1130 141 ⁴5

69 183 235 230 porticus,
250 179 423 215 insomnis
441 178 573 224 quibus
586 183 619 212 et
632 177 772 212 detonsa
787 176 951 212 iuventus

70 230 240 278 invigilat,
257 229 396 274 siliquis
410 233 441 262 et
456 227 580 274 grandi
599 232 696 273 pasta
711 224 866 272 polenta:
1097 232 1130 261 55

68 286 102 316 et
115 280 189 320 tibi,
207 289 296 324 quae
310 277 445 312 Samios
459 277 598 310 diduxit
613 276 708 309 litera
721 285 848 316 ramos,

69 332 270 374 surgentem
284 326 404 361 dextro
419 325 626 360 monstravit
644 324 753 358 limite
766 323 902 358 callem.

69 377 190 412 Stertis
204 375 345 410 adhuc?
371 375 563 420 laxumque
575 379 680 420 caput
697 383 863 419 compage
877 371 989 408 soluta

67 426 186 461 oscitat
200 425 414 465 hesternum,
432 423 577 458 dissutis
591 423 749 468 undique
765 421 890 456 malis?

66 475 130 510 Est
144 474 279 520 aliquid
293 485 364 520 quo
378 473 502 513 tendis,
523 478 555 507 et
570 473 603 506 in
624 471 720 517 quod
732 471 856 518 dirigis
871 469 1014 506 arcum?
1099 477 1132 504 60

67 536 112 559 an
124 524 256 570 passim
270 523 426 569 sequeris
439 532 559 556 corvos
577 526 733 566 testaque
751 519 905 565 lutoque,

68 584 212 609 securus
226 583 297 618 quo
310 584 370 618 pes
390 571 486 611 ferat,
505 576 609 616 atque
623 581 666 604 ex
680 574 833 614 tempore
848 567 963 603 vivis?
973 588 1023 594 —

117 621 339 656 Helleborum
349 620 487 659 frustra,
498 631 611 666 quum
620 619 688 654 iam
696 619 785 653 cutis
794 629 895 665 aegra
904 618 1065 660 tumebit,

67 676 246 717 poscentes
259 671 388 706 videas.
422 670 580 705 Venienti
597 668 764 704 occurrite
778 668 919 703 morbo.

68 720 111 754 Et
124 720 211 766 quid
224 731 324 766 opus,
343 720 480 756 Cratero
494 729 639 766 magnos
652 718 852 764 promittere
864 716 1023 752 montes?
1099 723 1132 751 65

68 769 277 814 Disciteque,
295 781 315 804 ο
329 770 460 810 miseri,
479 774 512 804 et
525 780 666 803 caussas
684 768 879 814 cognoscite
893 767 1030 801 rerum!

68 816 162 858 Quid
176 828 312 857 sumus,
329 823 360 850 et
373 817 543 862 quidnam
561 817 686 850 victuri
700 815 905 862 gignimur‘.>
929 815 1014 849 ordo

68 865 149 910 quis
165 865 278 906 datus,
295 870 353 899 aut
368 870 475 899 metae
489 875 596 910 quam
611 863 726 898 mollis
740 863 863 905 flexus,
884 869 916 898 et
929 862 1046 899 unde?

69 914 150 959 quis
165 914 291 948 modus
305 920 446 961 argento
457 913 475 947 ἶ)
500 913 587 959 quid
600 912 651 947 fas
665 912 805 959 optare?
831 913 918 959 quid
934 924 1034 959 asper

68 962 152 997 utile
168 974 299 998 numus
314 963 441 997 habet?
468 964 598 998 Patriae
611 963 768 1008 carisque
779 963 987 1009 propinquis
1097 969 1130 996 70

68 1016 241 1057 quantum
258 1012 397 1059 elargiri
411 1012 539 1054 deceat,
557 1023 662 1058 quem
677 1017 709 1046 te
722 1011 808 1046 deus
823 1022 899 1046 esse

68 1060 181 1101 iussit,
203 1066 236 1095 et
253 1061 407 1096 humana
422 1073 491 1108 qua
503 1068 599 1108 parte
613 1061 742 1096 locatus
757 1072 793 1096 es
807 1061 844 1095 in
861 1070 909 1100 re,

68 1107 174 1149 disce,
192 1121 305 1154 neque
319 1111 486 1153 invideas,
504 1111 599 1156 quod
612 1110 722 1145 multa
738 1109 851 1144 fidelia
866 1113 962 1154 putet

69 1157 105 1191 in
119 1156 286 1202 locuplete
298 1168 404 1200 penu,
419 1159 570 1188 defoneio
583 1160 778 1200 pinguibus
793 1158 950 1199 Umbris,

68 1211 100 1240 et
112 1206 221 1250 piper,
238 1209 270 1238 et
281 1214 420 1249 pernae,
436 1203 542 1237 Marsi
555 1203 770 1238 monimenta
783 1204 931 1248 clientis,
1097 1214 1130 1242 75

66 1263 258 1298 maenaque
271 1252 367 1298 quod
381 1252 493 1298 prima
506 1252 663 1288 nondum
677 1252 835 1289 defecerit
852 1266 940 1290 orca.

114 1301 197 1336 Heio
209 1300 338 1346 aliquis
352 1301 395 1336 de
407 1306 509 1348 gente
522 1302 656 1338 hircosa
669 1305 915 1339 centurionum

65 1349 172 1386 dicat:
205 1351 302 1392 Quod
315 1354 400 1384 satis
413 1357 472 1392 est,
488 1355 586 1395 sapio
599 1354 681 1387 mihi
690 1366 700 1386 .·
727 1365 795 1388 non
808 1366 867 1397 eqo
881 1366 964 1389 curo

66 1410 148 1440 esse,
165 1403 255 1444 quod
268 1399 442 1434 Arcesilas
455 1405 714 1445 aerumnosique
728 1402 878 1443 Solones,

67 1450 197 1492 obstipo
212 1452 332 1492 capite,
350 1455 380 1482 et
393 1451 530 1492 fiyentes
545 1451 669 1483 lumine
684 1456 823 1491 terram,
1095 1459 1128 1486 80

66 1508 247 1532 murmura
261 1509 365 1542 quum
374 1509 486 1532 secum
503 1504 534 1533 et
547 1499 686 1533 rabiosa
699 1501 838 1534 silentia
850 1503 988 1542 rodunt,

66 1552 169 1590 atque
183 1553 385 1590 emporrecto
399 1551 614 1583 trutinantur
624 1550 728 1583 verba
744 1550 876 1590 labello,

67 1599 199 1639 aeqroti
214 1599 338 1631 veteris
350 1599 548 1632 meditantes
561 1601 692 1632 somnia
701 1611 712 1631 .-
737 1601 858 1642 »ςίᾳηί

68 1646 109 1678 de
123 1646 230 1679 nihilo
243 1647 340 1686 nihil,
356 1649 393 1681 in
406 1649 549 1681 nihilum
562 1649 611 1681 nil
620 1658 719 1691 posse
731 1651 870 1682 reverti.
881 1661 898 1681 <t

69 1692 142 1729 Hoc
159 1699 224 1737 est,
252 1697 342 1740 quod
361 1695 500 1741 palles?
527 1708 589 1732 cur
612 1699 691 1780 qui?
711 1708 779 1732 non
791 1699 975 1743 prandeat,
991 1699 1053 1733 hoc

605 1751 654 1783 &Sl
693 1766 742 1773 -
1094 1753 1126 1780 85
