1406 2047
479 71 669 100 SATIRA
695 71 753 100 IV.
1060 67 1101 101 53

120 137 248 172 Felices
262 147 471 182 proavorum
486 141 614 178 atavos,
633 136 743 171 felicia
756 135 851 171 dicas

119 186 264 226 saecula,
283 195 372 230 quae
386 185 564 230 quondam
579 186 645 220 sub
660 186 799 233 regibus
813 190 916 231 atque
928 185 1080 221 tribunis

119 236 280 271 viderunt
295 244 363 268 uno
375 239 570 268 contentam
584 246 716 269 carcere
730 236 890 269 Romam.

167 284 228 318 His
242 282 326 317 alias
340 288 492 328 poteram
507 289 539 318 et
552 284 669 330 plures
683 284 884 319 subnectere
897 294 1038 319 causas:
1126 290 1177 318 315

118 332 178 368 sed
193 333 346 367 iumenta
362 338 493 374 vocant,
512 338 544 367 et
558 333 606 368 sol
624 333 782 367 inclinat:
812 333 967 368 eundum
982 339 1046 368 est.

118 383 207 418 Nam
225 382 311 416 mihi
327 388 497 417 commota
511 382 578 417 iam
593 382 729 418 dudum
744 382 959 429 muliovirga

119 431 247 466 innuit.
286 431 378 478 Ergo
392 431 479 473 vale,
498 432 605 466 nostri
621 443 764 472 memor,
782 437 825 473 et,
844 432 978 477 quoties
993 436 1025 466 te

119 481 227 516 Roma
243 485 312 522 tuo,
333 481 425 515 refici
440 486 693 526 properantem,
715 480 832 515 reddet
846 481 998 525 Aquino,

118 542 174 565 me
181 541 321 576 quoque
329 530 371 565 ad
380 530 560 565 Helvinam
569 530 726 565 Cererem
736 535 954 574 vestramque
962 529 1108 564 Dianam
1127 535 1178 563 320

118 579 272 615 convelle
286 592 304 614 a
318 579 452 614 Cumis.
493 579 684 614 Satirarum
698 589 774 625 ego,
792 579 826 612 ni
847 578 954 623 pudet
968 577 1058 619 illas,

119 629 266 672 adiutor,
282 628 414 677 gelidos
429 629 568 666 veniam
585 628 752 676 caligatus
768 627 805 664 in
819 638 932 675 agros.

387 789 703 827 SATIRA
763 791 840 826 IV.

121 884 216 908 ARG.
235 884 353 908 Primum
372 885 512 910 invehitur
525 886 553 910 in
568 886 732 917 Crispinum,
745 887 790 918 qui
805 895 837 910 ex
851 893 925 910 servo
940 893 1020 918 eques
1032 885 1117 909 sactus

183 926 279 949 fuerat.
302 927 409 950 Deinde
428 927 456 951 iu
474 927 668 955 Domitianum,
683 927 728 959 qui
741 932 827 958 patres
841 928 874 951 ad
888 928 1030 951 concilium
1048 935 1109 951 con-

182 973 321 992 vocaverat
338 978 416 1001 supcr
434 969 542 993 rhombo
562 970 703 994 immensae
722 970 925 1000 magnitudinis,
940 973 970 993 ut
988 969 1109 992 dicerent

183 1012 350 1040 sententiam,
367 1021 398 1035 an
413 1012 515 1042 intrger
529 1013 680 1044 coquendus
695 1016 814 1037 esset.an
828 1011 854 1034 in
862 1011 945 1034 frusta
954 1016 1050 1034 sectus.
1077 1011 1106 1033 In

183 1061 233 1083 quo
246 1057 271 1076 ct
285 1054 451 1084 imperatoris
466 1058 491 1078 et
505 1058 656 1077 senatorum
670 1053 785 1078 stultitia
799 1053 900 1084 egregie
913 1053 1026 1076 ridetur.

170 1113 264 1153 Ecce
274 1119 399 1154 iterum
409 1119 592 1164 Crispinus
601 1119 708 1159 adest,
721 1117 808 1152 mihi
817 1127 918 1163 saepe
927 1116 1104 1152 vocandus

120 1166 163 1202 ad
175 1172 300 1212 partes,
317 1172 511 1202 monstrum
528 1166 622 1200 nulla
637 1168 764 1201 virtute
778 1166 972 1202 redemtum

119 1227 138 1250 a
151 1215 257 1255 vitiis,
276 1226 388 1261 aeger,
406 1214 548 1261 solaque
563 1215 708 1251 libidine
722 1215 836 1251 fortis:

117 1263 258 1298 delicias
273 1264 399 1298 viduae
412 1269 546 1299 tantum
560 1270 764 1311 aspernatur
778 1265 924 1300 adulter.

118 1312 211 1356 Quid
228 1312 328 1347 refert
342 1314 460 1360 igitur,
478 1315 618 1360 quantis
633 1316 788 1350 iumenta
803 1314 922 1361 fatiget
1168 1320 1182 1347 5

119 1361 333 1409 porticibus?
359 1367 487 1408 quanta
506 1375 689 1398 nemorum
703 1369 854 1398 vectetur
870 1364 905 1398 in
920 1362 1072 1397 umbra‘?

120 1413 237 1459 iugera
253 1417 338 1458 quot
350 1412 465 1447 vicina
479 1411 574 1447 foro‘?
599 1424 688 1458 quas
706 1413 828 1447 emerit
841 1411 965 1447 aedes?

120 1463 228 1497 Nemo
242 1461 357 1496 malus
371 1461 453 1496 felix
465 1474 471 1505 ;
501 1462 647 1497 minime
660 1467 838 1508 corruptor
852 1468 884 1497 et
898 1461 991 1497 idem

120 1511 284 1554 incestus,
301 1523 382 1546 cum
397 1523 467 1557 quo
482 1523 592 1557 nuper
605 1512 723 1547 vittata
739 1512 870 1546 iacebat

120 1561 291 1608 sanguine
305 1561 419 1596 adhuc
432 1562 514 1595 vivo
527 1567 652 1596 terram
667 1561 824 1597 subitura
838 1559 1008 1595 sacerdos.
1150 1567 1182 1594 10

120 1609 188 1645 Sed
202 1622 296 1645 nunc
309 1610 351 1645 de
365 1609 462 1645 factis
477 1610 684 1646 levioribus:
714 1616 746 1646 et
759 1616 874 1645 tamen
890 1609 974 1645 alter

121 1659 149 1694 si
163 1659 297 1695 fecisset
311 1660 416 1702 idem,
432 1660 565 1695 caderet
577 1661 644 1695 sub
658 1660 771 1695 iudice
784 1671 936 1695 morum.

121 1709 211 1745 Nam
225 1709 320 1757 quod
334 1714 434 1757 turpe
447 1710 560 1752 bonis,
578 1710 666 1746 Titio
679 1709 838 1758 Seioque,
854 1708 995 1746 decebat
