1406 2047
427 147 618 177 SATIRA
650 146 705 176 VI.
1013 143 1056 177 75

72 227 176 263 quem
197 213 290 250 dedit
310 213 392 249 haec
411 214 613 260 posuitque,
636 212 777 247 modum
790 239 798 254 ,
819 216 947 254 tamen,
971 212 1056 248 utile

603 262 689 308 quid
702 262 756 302 sit,

71 312 284 359 prospiciunt
298 311 484 358 aliquando
497 312 576 353 viri,
594 311 775 359 frigusque
788 309 986 357 famemque
1076 318 1128 345 350

70 362 211 397 formica
225 361 364 396 tandem
378 361 520 407 quidam
537 372 705 407 expavere
723 360 902 407 magistra.

70 410 216 456 Prodiga
230 421 299 445 non
314 411 417 445 sentit
438 418 639 457 pereuntem
658 409 786 445 femina
801 420 964 450 censum,

70 470 118 501 ac,
136 460 233 494 velut
244 460 411 494 exhausta
426 460 603 494 redivivus
619 459 766 505 pullulet
779 469 855 493 arca

69 519 211 549 numus,
228 514 259 543 et
273 520 291 543 e
303 509 405 554 pleno
419 520 553 554 semper
569 508 705 543 tollatur
719 518 850 547 acervo,

70 568 138 593 non
153 568 324 602 umquam
340 563 483 601 reputat,
501 558 621 601 quanti
638 557 704 591 sibi
719 555 846 602 gaudia
859 560 1024 590 constent.
1075 563 1125 590 2:65

118 605 217 647 Sunt,
235 616 323 651 quas
337 605 488 639 eunuchi
508 604 664 638 imbelles
679 615 717 638 ac
732 604 849 638 mollia
862 616 999 650 semper

69 654 185 690 oscula
200 654 375 694 delectent,
395 659 427 688 et
440 653 630 699 desperatio
643 653 781 694 barbae,

68 709 100 739 et
117 703 212 750 quod
224 704 378 739 abortivo
391 714 460 738 non
473 709 523 738 est
541 714 642 749 opus.
682 702 743 737 Illa
757 702 916 748 voluptas

69 764 208 787 summa
221 757 349 792 tamen,
366 752 460 797 quod
474 752 543 785 iam
556 752 666 786 calida
679 757 711 785 et
724 757 858 785 matura
870 752 1010 786 iuventa

70 802 215 848 inguina
228 800 412 834 traduntur
428 800 582 840 medicis,
600 800 668 833 iam
684 800 815 844 pectine
834 800 947 846 nigro.
1075 806 1125 834 370

69 851 161 897 Ergo
174 853 384 895 exspectatos
398 859 435 882 ac
449 848 561 883 iussos
575 858 724 882 crescere
736 848 892 894 primum

68 898 256 938 testiculos,
274 902 458 943 postquam
472 902 656 943 coeperunt
669 908 744 931 esse
759 896 914 939 bilibres,

70 947 219 983 tonsoris
233 947 362 982 damno
378 952 511 981 tantum
527 947 614 992 rapit
630 946 845 980 Heliodorus.

70 997 288 1043 Conspicuus
304 996 403 1043 longe
417 996 619 1042 cunctisque
634 995 793 1030 notabilis
808 995 910 1030 intrat

69 1045 205 1087 balnea,
223 1057 284 1080 nec
297 1045 403 1080 dubie
416 1045 591 1080 custodem
604 1045 685 1080 vitis
700 1050 732 1080 et
746 1044 835 1079 horti
1074 1051 1125 1080 375

70 1099 242 1142 provocat,
260 1106 278 1129 a
292 1094 432 1129 domina
449 1094 558 1129 factus
573 1094 692 1140 spado.
735 1093 886 1129 Dormiat
900 1092 958 1128 ille

69 1155 150 1179 cum
163 1143 321 1179 domina:
350 1143 411 1178 sed
426 1148 462 1178 tu
481 1144 549 1177 iam
567 1143 708 1184 durum,
725 1144 897 1183 Postume,
916 1143 1057 1190 iamque

70 1193 282 1228 tondendum
297 1191 457 1226 eunucho
469 1192 647 1226 Bromium
661 1192 875 1226 committere
892 1191 974 1228 noli.

119 1241 154 1275 Si
168 1240 296 1287 gaudet
309 1244 430 1274 cantu:
460 1240 594 1275 nullius
609 1240 715 1275 fibula
728 1241 830 1276 durat

69 1299 188 1325 vocem
203 1289 384 1324 vendentis
398 1290 632 1334 praetoribus:
662 1302 790 1337 organa
804 1301 940 1336 semper
1074 1297 1125 1325 380

68 1339 105 1374 in
118 1338 300 1374 manibus:
330 1338 428 1373 densi
443 1339 578 1373 radiant
591 1340 761 1374 testudine
773 1345 842 1374 tota

69 1388 319 1435 sardonyches:
348 1388 461 1433 crispo
475 1394 700 1422 numerantur
714 1389 847 1433 pectine
860 1388 1018 1430 chordae,

69 1449 140 1484 quo
153 1443 246 1472 tener
255 1436 460 1483 Hedymeles
473 1448 593 1482 operas
601 1436 712 1471 dedit:
736 1437 936 1479 hunctenet,
946 1438 1054 1473 hocse

70 1486 210 1528 solatur,
228 1491 394 1533 gratoque
407 1485 564 1533 indulget
578 1486 672 1520 basia
687 1485 826 1531 plectro.

70 1535 247 1579 Quaedam
263 1535 305 1570 de
320 1546 464 1569 numero
478 1536 678 1569 Lamiarum
689 1546 727 1569 ao
744 1535 897 1570 nominis
911 1534 970 1570 alti
1074 1542 1125 1570 385

70 1596 150 1620 cum
165 1584 254 1619 farre
269 1589 301 1619 et
316 1585 399 1618 vino
413 1585 536 1618 Ianum
550 1585 758 1630 Vestamque
772 1585 926 1631 rogabat,

71 1646 115 1670 an
129 1633 357 1680 Capitolinam
372 1633 508 1668 deberet
522 1633 630 1668 Pollio
643 1645 811 1679 quercum

70 1694 207 1729 sperare
219 1687 250 1718 et
266 1683 395 1717 fidibus
409 1683 617 1728 promittere.
658 1682 750 1725 Quid
764 1682 885 1717 faceret
896 1682 978 1729 plus

71 1737 265 1778 aegrotante
278 1731 377 1767 viro?
403 1732 546 1766 medicis
559 1731 645 1778 quid
659 1732 816 1766 tristibus
827 1742 908 1778 erga

73 1780 246 1817 filiolum?
271 1780 368 1816 Stetit
381 1786 458 1816 ante
472 1792 579 1824 aram,
595 1791 658 1816 nec
670 1785 769 1828 turpe
781 1780 916 1827 putavit
1075 1785 1126 1814 390
