1406 2047
437 124 629 155 SATIRA
652 125 710 155 111.
1031 120 1072 154 ⁴7

83 194 200 243 Algos,
216 202 327 239 quum
341 191 494 227 excussit
507 191 676 225 membris
690 191 793 225 timor
804 189 905 224 albus
919 191 1058 226 aristas:
1094 199 1144 225 115

84 255 177 280 nunc
195 242 264 277 face
281 241 461 287 supposita
478 240 635 275 fervescit
648 240 804 287 sanguis,
821 245 853 274 et
868 240 918 273 ira

83 291 271 328 scintillant
284 290 394 325 oculi:
424 290 582 335 dicisque
599 288 764 335 facisque,
781 288 875 334 quod
894 289 968 334 ipse

82 352 152 378 non
166 340 243 376 sani
256 351 331 377 esse
346 339 500 376 hominis
517 350 587 375 non
601 349 709 375 sanus
722 339 810 374 iuret
823 337 971 374 Orestes.
987 357 1036 364 —

201 483 519 522 SATIRA
581 483 938 526 QUARTA.

82 587 179 611 ABG.
191 586 229 610 'Ut
243 586 397 617 semetipsos
409 585 530 609 homines
548 590 658 609 noscant
669 585 771 615 suadet,
784 593 892 609 exorsus
906 584 938 608 ab
950 584 1072 609 Alcibia-

491 628 522 650 de
535 626 664 651 Platonis.

82 679 192 715 »Rem
217 678 338 726 populi
359 681 528 717 tractas?«
542 702 592 708 —
605 682 790 717 barbatum
809 681 875 717 hoc
888 681 988 717 crede
1000 691 1075 716 ma-

620 732 771 778 gistrum

84 777 209 819 dicere,
227 779 369 815 sorbitio
383 779 472 815 tollit
485 791 592 826 quem
607 780 683 815 dira
697 781 846 815 cicutae:
862 800 913 806 —

85 837 181 871 »quo
195 826 315 868 fretus,
338 829 405 868 dic,
423 829 513 862 hoc‘?
537 829 656 874 magni
672 829 804 873 pupille
820 827 961 862 Pericli.

86 875 221 910 Scilicet
238 875 419 923 ingenium
433 882 465 911 et
483 888 598 911 rerum
614 877 797 922 prudentia
811 876 913 911 velox

87 930 164 959 ante
178 924 267 970 pilos
285 926 398 960 venit:
427 925 571 961 dicenda
585 926 798 972 tacendaque
815 924 942 961 calles‘?

86 974 179 1020 Ergo
192 974 254 1008 ubi
268 979 440 1009 commota
456 975 562 1010 servet
574 975 752 1021 plebecula
767 974 848 1015 bile,

86 1022 150 1058 fert
164 1024 303 1058 animus
321 1024 450 1059 calidae
463 1024 584 1059 fecisse
595 1024 730 1059 silentia
746 1023 867 1058 turbae

78 1072 264 1108 'maiestate
278 1085 414 1108 manus.
437 1073 530 1116 Quid
544 1071 895 1119 deindeloquere‘?—
910 1071 1072 1114 Quirites,

87 1125 260 1166 hoc,puto‚
270 1127 470 1158 noniustum
479 1130 527 1157 est
535 1137 545 1157 .·
561 1125 649 1158 illud
656 1125 744 1157 male
752 1136 762 1156 .·
776 1125 903 1157 rectius
912 1124 1013 1157 istud.
1023 1121 1095 1156 —‘?

87 1171 162 1206 Scis
177 1172 304 1205 etenim
318 1172 448 1205 iustum
463 1173 603 1217 gemina
617 1171 829 1217 suspendere
842 1170 939 1206 lance
1117 1178 1150 1205 10

87 1219 246 1265 ancipitis
260 1219 386 1254 librae:
415 1225 547 1254 rectum
562 1219 742 1261 discernis,
759 1220 821 1255 ubi
836 1220 925 1255 inter

86 1279 191 1303 curva
208 1267 315 1307 subit.
331 1268 386 1303 vel
405 1280 517 1315 quum
534 1269 621 1305 fallit
634 1270 721 1315 pede
737 1269 857 1317 regula
871 1280 972 1305 varo:

84 1322 118 1353 et
134 1317 224 1363 potis
238 1329 274 1352 es
288 1317 431 1364 nigrum
444 1319 529 1354 vitio
542 1320 731 1366 praefigere
743 1318 861 1354 theta?
875 1339 925 1346 —

85 1367 180 1410 Quin
195 1371 234 1401 tu
249 1367 366 1414 igitur,
383 1379 523 1403 summa
538 1369 778 1415 nequidquam
793 1368 882 1414 pelle
896 1368 1053 1409 decorus,

87 1421 166 1452 ante
179 1416 273 1451 diem
287 1416 416 1451 blando
428 1418 574 1452 caudam
593 1419 718 1452 iactare
732 1417 869 1463 popello
1118 1424 1150 1451 15

87 1466 232 1507 desinis,
249 1466 433 1514 Anticyras
448 1466 570 1501 melior
583 1467 721 1501 sorbere
733 1464 912 1501 meracas?
923 1485 972 1492 —

88 1515 184 1558 Quae
196 1515 259 1550 tibi
273 1527 414 1550 summa
428 1516 509 1550 honi
524 1515 598 1550 est‘?
623 1520 726 1550 uncta
739 1515 869 1550 vixisse
880 1513 1005 1560 patella

89 1576 240 1611 semper,
258 1569 292 1600 et
303 1564 450 1600 adsiduo
464 1570 580 1599 curata
594 1564 743 1599 cuticula
757 1563 851 1599 sole‘?
866 1584 916 1590 —-

88 1614 278 1661 Exspecta!
318 1613 414 1649 haud
431 1613 526 1649 aliud
548 1613 751 1661 respondeat
768 1613 852 1650 haec
871 1626 973 1650 anus.
995 1635 1044 1643 -
1064 1617 1079 1650 I

634 1673 738 1704 nunc,
754 1683 804 1690 —

89 1713 312 1748 Dinomaches
323 1724 382 1758 eqo
395 1724 478 1749 sum.
493 1732 542 1739 —
555 1711 670 1748 suffla.
684 1732 732 1738 —
745 1712 828 1748 Sum
844 1716 1020 1749 candidus.
1030 1733 1078 1740 —

631 1762 726 1804 Esto,

140 1822 285 1858 Pensms.
905 1824 930 1857 B
