1406 2047
248 559 281 587 25

247 805 280 833 30

247 1051 279 1080 35

247 1297 281 1326 40

248 1544 282 1573 45

328 140 369 174 44
675 141 955 172 IUVENALIS

321 209 440 252 herba,
458 220 520 245 nec
534 210 728 257 ingenuum
742 208 910 245 violarent
924 221 1094 246 marmora
1111 211 1280 257 tophum‘?

370 259 433 295 Hic
446 264 528 295 tunc
542 259 751 300 Umbricius,
767 259 936 302 »Quando
950 260 1092 302 artibus,
1105 262 1230 307 inquit,
1247 262 1309 297 ho—

858 309 963 344 nestis

322 355 442 393 nullus
479 357 516 392 in
536 357 626 393 Urbe
668 357 764 393 locus
776 385 784 400 ,
821 357 917 392 nulla
948 357 1180 394 emolumenta
1215 359 1309 394 labo-

860 419 952 448 rum,

321 465 376 489 res
390 454 494 491 hodie
506 459 620 491 minor
627 461 690 498 est,
701 456 782 492 here
791 468 898 504 quam
907 456 983 498 suit,
996 462 1098 503 atque
1107 457 1225 494 eadem
1233 468 1308 493 cras

321 504 449 539 deteret
462 506 600 552 exiguis
619 506 770 552 aliquid:
801 507 1029 553 proponimus
1044 506 1126 542 illuc

319 553 380 595 ire,
399 553 556 601 fatigatas
573 555 630 589 ubi
648 555 817 590 Daedalus
835 557 932 591 exuit
946 556 1029 597 alas,

319 602 406 638 dum
421 615 509 639 nova
524 605 678 646 canities,
695 604 779 640 dum
795 606 905 652 prima
921 611 952 640 et
967 611 1054 640 recta
1068 611 1237 643 senectus.

319 652 405 687 dum
420 659 575 699 superest
590 655 744 695 Lachesi,
761 655 855 701 quod
871 660 1036 701 torqueat,
1054 661 1085 689 et
1100 654 1310 700 pedibusme

320 707 418 747 porto
432 704 530 744 meis,
551 703 648 738 nullo
662 704 819 739 dextram
835 705 1005 738 subeunte
1020 704 1154 738 bacillo.

320 750 493 786 Cedamus
508 753 634 797 patria:
666 754 785 787 vivant
805 754 965 787 Arturins
982 754 1057 786 istic

318 804 351 834 et
364 800 525 835 Catulus:
544 808 716 841 maneant,
734 802 796 846 qui
811 798 1149 847 nigrumincandida
1158 804 1308 841 vertunt.

319 850 401 894 quis
419 848 517 884 facile
534 856 584 883 cst
598 849 716 884 aedem
732 849 932 891 conducere,
951 848 1108 889 flumina,
1126 854 1257 894 portus,

318 898 515 932 siccandam
530 898 694 937 eluviem,
713 899 920 942 portandum
936 898 978 931 ad
994 897 1094 932 busta
1107 898 1263 940 cadaver,

320 951 351 981 et
363 947 527 992 praebere
541 951 644 992 caput
658 946 798 981 domina
814 946 934 982 venale
948 947 1015 981 sub
1030 947 1142 982 hasta.

318 995 502 1038 Quondam
520 995 556 1030 hi
572 996 762 1031 cornicines
781 1002 813 1031 et
826 996 1050 1042 municipalis
1064 1008 1186 1032 arenae

317 1046 474 1092 perpetui
489 1046 643 1087 comites,
661 1052 829 1092 notaeque
843 1058 903 1092 per
917 1046 1042 1092 oppida
1056 1046 1195 1088 buccae,

319 1106 463 1130 munera
481 1107 574 1130 nunc
590 1095 698 1131 odunt
712 1101 743 1131 et
757 1107 855 1130 verso
870 1095 992 1141 pollice
1005 1096 1103 1143 vulgi

320 1155 425 1190 quem
442 1143 524 1178 libet
537 1145 697 1179 occidunt
711 1145 940 1190 populariter:
969 1146 1049 1180 inde
1065 1145 1193 1180 reversi

321 1193 520 1228 conducunt
542 1193 682 1235 soricas3
713 1199 745 1228 et
765 1205 827 1227 cur
847 1205 915 1228 non
931 1194 1073 1227 omnia‘?
1098 1205 1210 1238 quum
1225 1194 1306 1233 sint,

321 1242 441 1289 quales
457 1255 501 1278 ex.
514 1243 640 1277 humili
656 1254 781 1289 magna
799 1242 842 1277 ad
856 1242 992 1289 fastigia
1008 1253 1124 1277 rerum

319 1292 462 1333 extollit,
480 1293 615 1337 quoties
630 1292 738 1327 voluit
754 1293 904 1327 Fortuna
920 1292 1035 1326 iocari.

320 1341 413 1384 Quid
426 1341 554 1376 Romae
567 1341 714 1376 faciam?
740 1343 875 1375 Mentiri
893 1342 1022 1375 nescio:
1053 1340 1194 1382 librum,

320 1391 348 1425 si
366 1389 480 1424 malus
495 1395 556 1427 est,
576 1401 710 1436 nequeo
729 1389 869 1424 laudare
881 1395 912 1424 et
927 1401 1081 1435 poscere:
1111 1395 1225 1425 motus

321 1445 493 1475 astrorum
508 1440 647 1486 ignoro:
678 1439 784 1474 sunus
798 1440 995 1485 promittere
1013 1439 1118 1485 patris

321 1500 385 1525 neo
403 1489 493 1531 volo,
517 1500 578 1524 nec
597 1500 760 1535 possum:
790 1501 955 1524 ranarum
971 1489 1099 1523 viscera
1113 1499 1307 1534 numquam

321 1539 469 1584 inspexi.
509 1539 611 1573 Ferre
624 1539 666 1573 ad
683 1543 840 1584 nuptam,
859 1550 947 1585 quae
961 1539 1064 1574 mittit
1079 1537 1224 1580 adulter,

321 1599 411 1634 quae
424 1588 576 1629 mandat,
594 1589 709 1623 norint
724 1588 799 1632 alii3
829 1599 885 1623 me
900 1599 999 1623 nemo
1013 1587 1173 1622 ministro

321 1636 378 1672 fur
391 1637 465 1678 crit,
483 1642 585 1684 atque
600 1638 676 1672 idco
691 1637 778 1672 nulli
792 1649 906 1673 comes
921 1648 1013 1679 exe0‚
1032 1643 1212 1683 tamquam

326 1698 474 1721 mancus
493 1692 526 1721 et
538 1688 708 1722 extinctae
722 1699 848 1734 corpus
864 1699 931 1723 non
945 1686 1028 1722 utile
1042 1687 1196 1721 dextrae.

327 1735 413 1779 Quis
428 1747 518 1772 nunc
528 1736 697 1784 diligitur,
716 1738 783 1772 nisi
798 1737 956 1772 conscius
970 1742 1001 1771 et
1015 1736 1070 1771 cui
1086 1735 1222 1771 fervens

254 1792 287 1820 50
326 1791 458 1822 aestuat
470 1786 612 1822 occultis
626 1787 765 1823 animus
782 1797 987 1834 semperque
1001 1784 1177 1822 tacendis?
