1406 2047
261 103 294 126 iv
676 102 907 127 masurio.

262 160 495 196 recensionem
521 172 640 207 presso
664 163 811 210 vestigio
837 163 1050 208 potuerimus
1078 165 1191 211 sequi.
1250 165 1320 201 Hoc

261 232 478 278 exploratum
516 233 716 274 videbatur,
761 232 889 268 relictis
931 234 1106 282 plerisque
1149 236 1318 271 seriorum

260 305 484 350 opinionibus
520 304 860 350 mutationibusque,
894 305 937 340 ad
971 306 1181 351 antiquiores
1212 306 1318 342 libros

260 375 477 410 redeundum
498 387 584 417 esse,
612 376 658 410 ita
684 380 811 417 tamen,
834 380 873 409 ut
901 380 933 410 et
952 377 1152 422 sequiorum
1172 383 1314 423 reperta,

261 452 433 492 quatenus
460 446 598 492 probari
627 451 786 492 possent,
820 446 915 481 haud
947 448 1062 482 omnia
1088 448 1316 484 reiicerentur.

260 518 379 563 Itaque
411 529 473 552 nos
504 517 562 552 hic
593 518 629 552 in
660 518 775 552 Persio
806 517 1060 559 Murmellium,
1095 519 1130 554 in
1156 519 1318 554 Iuvenale

260 589 467 623 Ascensium
493 589 645 624 maxime
663 600 788 623 sumus
811 589 930 630 secuti,
954 589 1119 624 consultis
1140 601 1315 636 nusquam

260 671 329 695 non
361 659 584 702 lectionibus,
618 671 706 706 quas
746 660 781 694 in
816 659 875 694 illo
906 659 1064 695 Plumius
1097 660 1242 707 aliique,
1280 662 1315 695 in

258 730 324 765 hoc
363 731 519 776 apprime
559 732 703 777 Ruperti
741 730 912 777 praeclare
952 737 1102 766 enotatas
1139 731 1315 766 dederant.

258 802 572 847 Interpunctionem
600 802 793 836 innumeris
822 801 904 835 locis
935 802 1112 836 meliorem
1138 801 1320 835 constitui-

259 885 357 917 mus;
400 878 603 920 argumenta
640 871 790 919 singulis
815 872 1030 907 carminibus
1055 872 1117 908 etsi
1145 859 1314 913 breviora,

259 949 407 980 attamen
440 950 611 991 quantum
644 944 840 990 potuimus,
875 943 966 978 iusta
996 954 1035 978 ac
1065 943 1226 977 distincta
1256 942 1318 978 de-

259 1016 394 1058 dimus,
429 1027 499 1062 quo
530 1015 666 1051 facilius
698 1016 870 1060 cuiusque
894 1014 1059 1048 carminis
1084 1024 1223 1048 summa
1247 1019 1316 1048 col-

259 1087 321 1135 ligi
350 1092 475 1134 posset.
528 1087 751 1133 Praecipuam
785 1085 952 1131 pristinae
988 1084 1141 1121 lectionis
1172 1090 1316 1121 varleta-

259 1165 328 1195 tem
355 1160 391 1195 in
420 1158 510 1194 calce
537 1158 644 1193 libelli
670 1158 818 1193 breviter
844 1157 1052 1192 notavimus.

358 1252 431 1288 Ser.
463 1251 499 1288 d.
529 1264 595 1288 x111.
613 1250 707 1299 Aug.
727 1250 850 1287 XLIV.

899 1320 1097 1357 Weise.
