1406 2047
431 124 622 155 SATIRA
652 124 711 154 VI.
1021 123 1061 156 83

77 193 250 230 Ardebant
262 195 383 227 cuncta
395 196 428 226 et
442 190 545 225 fracta
560 200 724 237 compage
737 189 894 233 ruebant,

78 255 145 279 non
162 242 268 283 aliter,
285 252 392 287 quam
410 241 439 275 si
455 240 588 275 fecisset
604 241 689 275 Iuno
702 239 866 274 maritum

77 293 250 328 insanum.
290 291 408 326 Minus
422 302 504 337 ergo
518 301 644 326 nocens
657 290 720 325 erit
733 289 946 337 Agrippinae

75 340 225 376 boletus:
255 340 430 386 siquidem
446 341 551 375 unius
565 339 760 386 praecordia
775 339 901 385 pressit

74 389 131 424 ille
144 389 249 430 senis,
268 390 527 436 tremulumque
541 396 643 436 caput
655 389 860 424 descendere
873 389 976 424 iussit

74 439 110 474 in
124 438 270 481 coelum,
287 445 319 474 et
336 439 475 486 longam
491 441 666 475 manantia
681 439 776 474 labra
789 438 947 474 salivam.

72 489 162 523 Haec
177 489 286 534 poscit
300 489 429 524 ferrum
445 496 547 536 atque
561 490 671 536 ignes,
690 489 773 523 haec
785 488 877 534 potio
891 494 1044 534 torquet:

73 537 157 573 haec
170 537 293 573 lacerat
308 539 435 574 mixtos
449 540 620 585 Equitum
633 549 715 573 cum
728 537 900 584 sanguine
917 538 1043 574 Patres.

74 587 172 622 Tanti
191 593 310 633 partus
323 599 443 634 equae,
460 589 545 622 tanti
559 599 629 623 una
641 587 793 622 venefica
804 587 955 622 constat!

123 635 279 672 Oderunt
292 643 389 672 natos
402 637 444 672 de
458 637 598 683 pellice3
628 647 732 672 nemo
744 641 925 683 repugnet,

73 696 174 720 nemo
188 691 296 721 vetet:
325 687 395 721 iam
410 687 479 721 iam
494 687 697 732 privignum
710 685 863 720 occidene
880 684 931 720 fas
945 691 1009 722 est.

73 734 142 769 Vos
155 745 229 780 ego,
246 736 384 781 pupilli,
402 746 536 775 moneo,
554 735 635 780 quis
653 734 801 780 amplior
814 739 864 770 est
876 746 944 778 ιω,

75 783 241 817 custodite
256 785 402 823 animas,
422 789 454 817 et
468 783 555 816 nulli
569 783 695 816 credite
709 794 863 818 mensae.

76 831 197 866 Livida
211 836 365 866 materno
378 831 509 865 servent
523 830 658 875 adipata
673 842 819 865 veneno.

76 880 228 915 Mordeat
241 886 318 915 ante
332 880 472 926 aliquis,
490 878 665 925 quidquid
680 880 868 924 porrexerit
882 878 953 922 illa,

75 940 163 975 quae
175 930 322 976 peperit:
352 929 497 964 timidus
513 933 709 975 praegustet
724 929 846 974 pocula
861 940 1002 976 pappas.

74 978 260 1026 Fingimus
275 979 370 1020 haec,
387 978 497 1013 altum
511 978 615 1012 satira
633 983 792 1012 sumente
805 978 1028 1021 cothurnum,

74 1027 213 1068 scilicet,
232 1033 275 1068 et,
294 1028 399 1063 finem
413 1028 543 1075 egressi
558 1026 739 1073 legemque
753 1028 922 1073 priorum,

74 1077 205 1124 grande
218 1076 406 1122 Sophocleo
418 1088 556 1111 carmen
575 1076 786 1111 bacchamur
796 1077 905 1118 hiatu,

75 1126 251 1161 montibus
267 1127 424 1173 ignotum
440 1125 578 1159 Rutulis
589 1125 753 1170 coeloque
770 1124 915 1161 Latino?

75 1177 144 1210 Nos
158 1175 292 1211 utinam
307 1175 406 1210 vani!
436 1174 502 1208 Sed
516 1173 640 1207 clamat
653 1174 785 1215 Pontia,
801 1175 894 1216 Feci,

76 1227 243 1268 confiteor,
251 1227 436 1266 puerisque
448 1233 531 1256 ‘meas
543 1225 681 1257 aconita
694 1227 834 1266 paravi,

73 1284 158 1317 quae
170 1275 335 1315 deprmzsa
345 1277 482 1316 patent:
509 1275 645 1316 facinus
660 1278 791 1308 tantum
804 1277 883 1317 ipsa
892 1275 1030 1321 peregri!

71 1321 169 1356 Tune
177 1321 265 1355 duos
275 1333 344 1356 una
357 1321 562 1355 saevissima
576 1322 694 1367 vipera
706 1322 835 1357 ooena‘?

69 1376 153 1405 tune
165 1369 276 1405 duos‘?
300 1370 443 1413 Septem,
460 1374 491 1405 si
503 1377 626 1414 septem
639 1375 726 1415 forte
739 1376 895 1416 sttzstent

70 1419 261 1456 Credamus
275 1419 425 1466 tragicis,
444 1419 619 1465 quidquid
635 1420 678 1454 de
691 1420 855 1455 Colchide
870 1425 966 1457 torva

70 1469 196 1504 dicitur
209 1473 242 1503 et
255 1469 401 1503 Procne:
431 1469 481 1503 nil
495 1474 611 1503 contra
623 1480 744 1504 conor:
773 1475 805 1504 et
819 1469 898 1505 illae

69 1518 215 1566 grandia
228 1523 382 1553 monstra
395 1518 470 1553 suis
485 1518 658 1553 audebant
671 1519 886 1565 temporibus
898 1531 905 1560 ;
933 1519 994 1556 sed

70 1578 139 1603 non
153 1572 291 1614 propter
303 1579 443 1602 numos.
484 1568 597 1603 Minor
609 1568 791 1604 admiratio
804 1569 956 1604 summis

69 1617 215 1652 debetur
228 1618 404 1658 monstris,
423 1619 556 1663 quoties
575 1617 654 1653 facit
667 1619 716 1653 ira
731 1624 909 1654 nocentem

69 1666 164 1702 hunc
177 1678 314 1710 sexum,
331 1672 365 1702 et
378 1667 496 1702 rabie
488 1679 582 1702 iecur
596 1668 798 1704 incendente
816 1668 974 1704 seruntur

69 1716 289 1763 praecipites3
317 1722 356 1752 ut
370 1729 453 1752 saxa
468 1718 559 1765 iugis
573 1717 729 1764 abrupta,
745 1719 877 1766 quibus
890 1729 993 1755 mons

69 1765 296 1809 subtrahitur,
312 1766 473 1815 clivoque
490 1767 580 1804 latus
593 1768 763 1816 pendente
775 1768 914 1805 recedit.

839 1830 907 1866 F
886 1832 906 1853 o

1083 298 1134 326 620

1084 543 1135 572 625

1083 790 1134 818 630

1083 1035 1134 1064 635

1080 1279 1131 1309 640

1078 1527 1129 1555 645

1075 1774 1126 1802 650
