1406 2047
353 66 414 99 122
701 78 977 112 IUVENALIS

349 141 381 169 et
396 135 575 183 Scythicae
588 140 642 176 vol
649 153 745 178 ucres
758 149 791 179 et
805 146 1091 196 phoenicopterus
1104 152 1230 202 ingens

278 186 328 216 140
348 189 380 218 et
395 184 562 223 Gaetulus
574 200 673 237 oryx,
691 192 804 229 hebeti
822 195 1013 235 lautissima
1031 200 1120 238 ferro

347 234 500 269 caeditur
513 243 546 271 et
561 244 626 274 tota
640 247 738 277 sonat
753 243 866 280 ulmea
881 258 984 283 coena
997 249 1148 289 Subura.

348 281 416 317 Nec
431 282 578 321 frustum
595 300 734 335 capreae
746 293 950 339 subducere,
968 310 1029 334 nec
1047 299 1136 336 latus
1151 301 1253 338 Afrae

346 332 441 365 novit
456 335 530 368 avis
545 343 660 373 noster
679 341 876 379 tirunculus
891 357 929 380 ac
943 347 1039 382 rudis
1051 351 1148 385 omni

345 384 497 426 tempore
510 389 541 418 et
555 387 701 433 exiguae
714 389 834 426 frustis
851 392 1006 430 imbutus
1019 396 1147 434 osellae.

273 431 322 461 145
346 428 497 466 plebeios
511 433 632 470 calices
649 442 680 471 et
693 440 814 483 paucis
829 442 968 478 assibus
981 451 1089 481 emtus

342 480 492 525 porriget
507 482 657 520 incultus
671 497 757 532 puer
770 495 874 536 atque
887 503 905 526 a
920 492 1046 540 frigore
1060 501 1171 532 tutus:

343 538 411 561 non
428 529 547 578 Phryx
564 539 623 568 aut
637 535 776 582 Lycius,
796 550 862 574 non
878 552 896 574 a
911 553 1082 590 mangone
1096 547 1222 592 petitus

340 577 529 623 quisquam
543 583 608 616 erit
619 589 650 618 et
665 596 800 633 magno.
816 588 932 631 Quum
946 594 1070 636 poscis,
1087 606 1188 639 posce
1197 596 1325 632 Latine.

340 624 432 660 Idem
449 627 588 665 habitus
601 636 745 675 cunctis,
762 638 850 672 tonsi
866 641 1018 686 rectique
1030 643 1159 689 capilli,

268 678 317 705 150
338 679 439 719 atque
454 676 554 710 hodie
569 686 703 716 tantum
722 692 859 729 propter
872 690 1029 722 convivia
1044 692 1138 734 pexi.

339 722 486 756 Pastoris
501 724 580 758 duri
593 732 643 760 est
657 730 712 761 hic
727 732 833 770 tilius,
857 734 914 768 ille
927 735 1081 772 bubulci.

336 770 493 816 Suspirat
508 771 610 820 longo
624 786 693 810 non
708 776 820 812 visam
834 784 986 827 tempore
999 792 1157 830 matrem,

336 824 367 853 et
380 819 533 855 casulam
549 828 581 857 et
595 829 692 860 notos
706 827 814 863 tristis
828 828 998 867 desiderat
1011 834 1152 878 hoedos,

336 868 478 915 ingenui
494 870 613 907 vultus
626 885 712 919 puer
726 876 941 925 ingenuique
957 883 1111 926 pudoris,

263 923 312 951 155
333 918 454 963 quales
467 930 542 955 esse
555 921 661 963 decet.
679 936 767 971 quos
781 927 906 964 ardens
919 942 1075 977 purpura
1090 935 1208 973 vestit:

335 978 395 1001 nec
410 969 598 1015 pugillares
616 973 724 1009 defert
738 976 772 1011 in
789 976 911 1014 balnea
930 992 1055 1017 raucus

332 1017 518 1060 testiculos,
537 1032 599 1056 nec
613 1023 789 1060 vellendas
809 1027 877 1062 iam
892 1030 1049 1074 praebuit
1063 1031 1145 1074 alas,

331 1076 445 1100 crassa
461 1079 522 1103 nec
535 1073 692 1116 opposito
704 1076 854 1120 pavidus
870 1079 950 1125 tegit
964 1080 1107 1127 inguina
1122 1088 1233 1129 gutta).

331 1114 392 1148 Hic
406 1116 468 1150 tibi
483 1118 563 1153 vina
577 1120 683 1163 dabit,
702 1124 827 1160 diffusa
842 1127 877 1161 in
897 1130 1075 1165 montibus
1089 1131 1170 1173 illis,

259 1167 309 1195 160
329 1173 348 1196 a
361 1164 492 1209 quibus
507 1167 579 1211 ipse
595 1172 700 1210 venit,
717 1182 867 1216 quorum
883 1176 950 1210 sub
964 1179 1089 1214 vertice
1101 1180 1201 1216 lusit:

330 1223 481 1260 namque
499 1226 568 1250 una
589 1222 692 1264 atque
709 1220 827 1254 eadem
847 1228 898 1256 est
913 1225 985 1258 vini
1001 1229 1112 1270 patria
1126 1234 1229 1275 atque
1249 1231 1316 1266 mi-

790 1276 903 1305 nistri.

328 1309 484 1346 Forsitan
499 1319 686 1359 exspectes,
703 1321 742 1351 ut
755 1316 924 1354 Gaditana
937 1332 1062 1358 canoro

329 1358 470 1404 incipiat
482 1363 618 1406 prurire
631 1364 746 1407 choro,
764 1366 961 1415 plausuque
974 1372 1135 1416 probatae

327 1407 367 1442 ad
384 1414 508 1445 terram
524 1413 671 1448 tremulo
684 1414 893 1452 descendant
909 1418 1010 1455 clune
1023 1421 1168 1466 puellae,

253 1462 304 1490 165
326 1456 578 1495 irritamentum
595 1462 736 1498 Veneris
751 1464 960 1513 languentis,
978 1474 1010 1504 et
1022 1481 1114 1506 acres

325 1505 444 1541 divitis
459 1510 605 1554 urticae;
635 1513 744 1548 maior
759 1519 871 1551 tamen
886 1517 949 1552 ista
963 1518 1120 1566 voluptas

323 1553 464 1590 alterius
479 1569 602 1603 sexus3
633 1563 745 1608 magis
759 1563 817 1599 ille
830 1567 1036 1609 extenditur,
1057 1574 1089 1604 et
1102 1579 1184 1605 mox

323 1605 468 1640 auribus
483 1612 587 1653 atque
599 1610 709 1645 oculis
723 1620 883 1659 concepta
897 1616 996 1652 urina
1010 1624 1181 1653 movetur.

322 1652 398 1688 Non
416 1656 507 1701 capit
520 1657 582 1692 has
598 1671 709 1707 nugas
724 1661 868 1698 humilis
883 1664 1020 1701 domus.
1059 1667 1186 1702 Audiat
1200 1667 1256 1704 ille

251 1706 301 1733 170
321 1707 484 1740 testarum
499 1708 650 1753 crepitus
663 1721 743 1745 eum
760 1713 886 1756 verbis,
904 1715 1037 1752 nudum
1053 1716 1146 1753 olido
1159 1723 1255 1754 stans
