1406 2047
271 601 318 628 130

269 846 318 874 135

271 1093 319 1121 140

269 1339 320 1368 145

271 1587 322 1615 150

344 84 404 116 ΗΟ
695 87 970 118 IUVENALIS

339 153 511 199 sanguine
525 152 689 188 causidici
706 152 913 189 maduerunt
926 161 1033 190 rostra
1049 154 1183 202 pusilli.

341 202 370 237 Ο
382 206 591 246 fortunatum
609 209 723 236 milam
740 215 789 237 me
803 206 937 238 consule
953 204 1110 239 Romam!

339 251 466 285 Antoni
484 251 618 297 gladios
632 252 742 297 potuit
759 257 986 294 contemnere,
1003 254 1032 288 si
1047 254 1098 288 sic

338 301 456 334 omnia
470 300 628 335 dixisset.
669 300 825 335 Ridenda
840 307 995 347 poemata
1010 302 1113 344 malo,

304 356 314 361 ’
338 360 445 395 quam
460 355 491 383 te
509 351 725 395 conspicuae,
742 350 860 385 divina
879 350 1081 398 Philippica,
1097 351 1219 392 famae,

339 397 489 432 volveris
504 410 522 432 a
536 399 648 444 prima
664 410 753 445 quae
766 400 937 445 proxima.
975 400 1106 436 Saevus
1124 406 1154 436 ct
1171 400 1269 436 illum

339 447 453 482 exitus
469 448 607 493 eripuit,
626 460 732 494 quem
747 449 963 485 mirabantur
977 450 1129 497 Athen-ae

340 502 536 537 torrentem,
554 503 584 531 et
600 497 693 543 pleni
712 497 945 534 moderantem
963 499 1057 535 frena
1072 499 1203 535 theatri.

338 546 398 580 Dis
414 545 471 580 ille
486 546 640 581 adversis
655 548 794 594 genitus
809 547 947 594 fatoque
961 549 1114 590 sinistro,

339 606 444 641 quem
461 601 567 641 pater,
584 595 735 631 ardentis
750 608 884 632 massae
898 597 1043 645 fuligine
1063 598 1191 644 lippus,

338 656 356 678 a
371 644 517 679 carbone
531 651 561 679 et
577 644 775 691 forcipibus,
792 645 996 692 gladiosque
1014 653 1155 693 parante

339 694 474 734 incude,
495 700 527 728 et
541 693 631 728 luteo
646 694 800 727 Vulcano
813 695 855 727 ad
871 695 1005 728 rhetora
1021 696 1127 728 misit.

388 742 559 776 Bellorum
575 743 731 781 exuviae,
750 741 880 775 truncis
895 740 998 776 affixa
1013 741 1160 787 tropaeis

341 791 454 830 lorica,
472 796 502 824 et
517 789 618 824 fracta
634 789 676 824 de
688 790 821 825 casside
836 790 981 825 buccula
995 790 1163 836 pendens,

339 845 369 875 et
383 845 520 874 curtum
535 844 671 874 temone
685 839 821 887 iugum,
838 840 1016 886 victaeque
1031 840 1181 876 triremis

341 888 504 935 aplustre,
522 894 553 923 et
567 900 707 923 summo
722 889 830 923 tristis
844 890 1002 935 captivus
1018 890 1051 924 in
1069 900 1161 931 arcu,

339 939 505 974 humanis
519 938 647 973 maiora
660 938 761 974 bonis
776 938 982 973 creduntur:
1016 939 1059 974 ad
1073 938 1155 974 haec
1169 949 1205 973 se

340 989 518 1023 Romanus
534 987 731 1034 Graiusque
745 1000 783 1022 ac
797 988 967 1023 barbarus
982 989 1206 1035 endoperator

340 1038 465 1078 erexitq
496 1048 620 1072 causas
634 1037 848 1072 discriminis
863 1043 966 1084 atque
986 1037 1113 1073 laboris

340 1087 420 1121 inde
434 1087 570 1121 habuit.
612 1087 721 1122 Tanto
736 1088 846 1122 maior
859 1086 970 1123 famae
985 1088 1060 1123 sitis
1077 1092 1138 1129 est,
1160 1097 1267 1134 quam

339 1137 491 1171 virtutis.
531 1136 617 1178 Quis
632 1137 723 1171 enim
740 1138 902 1172 virtutem
918 1137 1136 1184 amplectitur
1152 1137 1277 1183 ipsam,

340 1186 491 1232 praemia
510 1186 538 1219 si
554 1184 676 1219 tollas‘?
703 1186 850 1219 Patriam
866 1192 980 1220 tamen
995 1187 1111 1221 obruit
1125 1186 1207 1222 olim

339 1235 447 1282 gloria
463 1245 664 1280 paucorum,
683 1240 714 1269 ct
728 1234 841 1269 laudis
856 1234 1018 1280 titulique
1031 1235 1170 1280 cupido.

341 1284 479 1319 haesuri
495 1284 590 1318 saxis
604 1284 762 1318 cinerum
776 1283 991 1324 custodibus,
1009 1282 1051 1318 ad
1066 1294 1156 1330 quae

340 1332 556 1368 discutienda
572 1332 684 1366 valent
698 1332 824 1367 sterilis
838 1332 928 1367 mala
945 1331 1066 1367 robora
1081 1332 1186 1375 ficus;

341 1381 626 1429 quandoquidem
635 1381 711 1416 data
727 1387 809 1416 sunt
825 1382 908 1428 ipsis
916 1393 1057 1428 quoquc
1072 1381 1136 1417 fata
1148 1382 1327 1428 sepulcris.

341 1431 508 1478 Expende
521 1430 768 1466 Hannibalem:
796 1437 879 1478 quot
894 1431 999 1467 libras
1014 1432 1049 1466 in
1064 1431 1149 1466 duce
1164 1442 1304 1467 summo

342 1480 522 1517 invenies?
549 1481 610 1515 Hic
623 1486 685 1522 est⁷
705 1492 809 1527 quem
824 1492 894 1516 non
909 1482 1000 1528 capit
1013 1479 1138 1522 Africa,
1155 1473 1275 1516 Mauro

343 1542 503 1578 percussa
518 1529 664 1572 Oceano,
681 1530 829 1576 Niloque
843 1530 975 1566 admota
991 1531 1128 1578 tepenti,

343 1592 465 1616 rursus
484 1579 528 1615 ad
545 1580 755 1626 Aethiopum
774 1580 933 1627 populos,
950 1579 1104 1627 altosque
1117 1579 1327 1626 elephantos,

343 1630 492 1665 Additur
506 1630 661 1676 imperiis
676 1630 858 1676 Hispania:
889 1631 1103 1678 Pyrenaeum

344 1679 506 1714 transilit.
547 1679 718 1726 Opposuit
733 1685 854 1715 natura
868 1679 1061 1726 Alpemque
1075 1679 1280 1725 nivemque:

344 1728 476 1766 diducit
490 1729 661 1778 scopulos,
679 1735 710 1765 et
722 1735 875 1766 montem
888 1730 1018 1777 rumpit
1030 1733 1132 1765 aceto.
