1406 2047
344 117 385 151 82
694 121 971 153 IUVENALIS

268 193 320 222 585
339 187 514 223 Divitibus
529 198 693 234 responsa
706 187 802 222 dabit
815 187 934 236 Phryx
953 200 1066 236 augur
1079 196 1111 226 et
1125 191 1233 228 Indus

341 237 545 278 conductus
561 238 657 272 dabit
672 243 844 272 astrorum
859 238 1053 285 mundique
1067 241 1211 286 peritus,

341 292 445 333 atque
459 286 587 333 aliquis
601 287 728 328 senior,
746 287 807 334 qui
822 287 960 332 publica
975 287 1113 337 fulgura
1126 290 1252 326 condit.

342 336 544 371 Plebeium'
536 347 571 371 in
585 337 676 374 circo
694 337 846 382 positum
861 342 911 371 est
924 342 956 372 et
971 338 1004 372 in
1020 349 1144 386 aggere
1159 339 1278 375 fatum.

341 384 436 427 Quae
451 385 557 420 nullis
576 385 720 432 longum
735 386 884 421 ostendit
897 387 1089 423 cervicibus
1103 400 1241 430 aurum,

268 440 320 468 590
339 434 488 469 consulit
502 440 580 470 ante
594 435 715 481 phalas
729 436 1046 483 delphinorumque
1059 437 1251 480 columnas,

340 495 383 519 an
399 495 481 531 saga
495 484 656 519 vendenti
676 485 785 520 nubat
797 496 952 532 caupone
970 485 1100 523 relicto.

388 533 459 567 Hae
476 539 590 568 tamen
605 539 637 569 et
651 540 770 580 partus
784 535 935 570 subeunt
954 536 1152 578 discrimen,
1167 541 1328 573 etomnes

339 582 484 618 nutricis
499 583 643 618 tolerant
658 583 793 619 fortuna
808 590 953 631 urgente
968 585 1120 630 labores;

338 632 400 667 sed
414 632 499 667 iacet
513 638 632 667 aurato
647 633 708 668 vix
724 633 794 667 ulla
811 644 977 679 puerpera
995 634 1087 670 lecto.

267 688 317 716 595
338 681 489 716 Tantum
509 688 597 716 artes
612 681 731 723 huius,
766 688 902 717 tantum
924 684 1153 719 medicamina
1169 674 1326 729 possunt

337 742 427 777 quae
441 731 573 765 steriles
592 731 670 765 facit
684 737 787 776 atque
801 732 983 765 liomincs'
976 743 1010 765 in
1030 737 1149 765 ventre
1158 732 1329 768 necandos

338 779 510 814 conducit.
556 779 688 818 Gaude,
708 778 841 819 infelix,
862 784 965 824 atque
980 779 1053 824 ipse
1069 779 1262 815 bibendum

337 829 485 875 porrige,
502 827 677 873 quidquid
691 828 772 862 erit:
804 838 884 862 nam
899 828 928 861 si
943 827 1138 864 distendere
1151 827 1254 865 vellet

340 885 372 912 et
386 888 510 912 vexare
524 882 661 911 uterum
677 877 794 922 pueris
808 876 1026 918 salientibus,
1041 889 1134 913 esses

267 934 318 962 500
338 926 517 972 Aethiopis
532 925 674 960 fortasse
687 931 799 972 pater,
830 937 912 960 mox
931 926 1066 961 decolor
1083 927 1182 962 heres

339 975 498 1022 impleret
511 975 658 1016 tabulas,
677 987 871 1021 numquam
888 975 949 1009 tibi
965 987 1066 1010 mane
1081 975 1266 1012 videndus.

389 1026 540 1060 Transeo
557 1026 756 1071 suppositos
769 1030 801 1059 et
816 1025 943 1072 gaudia
959 1030 1108 1071 votaque
1125 1035 1227 1073 saepe

338 1074 382 1109 ad
399 1086 542 1119 spurcos
555 1075 695 1120 decepta
711 1074 817 1114 lacus,
837 1079 939 1121 atque
955 1075 1034 1110 inde
1048 1075 1172 1121 petitos

337 1124 529 1171 pontifice5‚
547 1124 669 1167 Salios,
690 1124 900 1159 Scaurorum
918 1125 1058 1160 nomina
1073 1123 1161 1160 salso

267 1181 318 1209 605
338 1184 478 1219 corpore
492 1172 634 1207 laturos.
673 1173 746 1207 Stat
759 1174 910 1207 Fortuna
928 1175 1083 1218 improba
1099 1178 1214 1217 noctu,

339 1222 495 1258 arridens
509 1222 614 1256 nudis
628 1221 835 1256 infantibus.
879 1222 946 1255 llos
963 1221 1052 1255 fovet
1067 1233 1189 1256 omnes

340 1271 558 1317 involvit-que
571 1272 669 1305 sinu:
701 1270 865 1305 domibus
880 1281 974 1304 nuuc
988 1270 1133 1317 porrigit
1147 1270 1226 1305 altis

340 1325 581 1366 secretumque
600 1320 668 1354 sibi
691 1321 840 1354 mimum
863 1325 968 1365 parat.
1013 1321 1083 1354 Hos
1103 1324 1205 1362 amat,
1224 1319 1278 1355 his
1295 1330 1331 1355 se

340 1370 478 1418 ingerit,
497 1374 600 1415 atque
613 1379 695 1403 suos
711 1369 827 1403 ridens
843 1369 1001 1414 producit
1015 1368 1186 1404 alumnos.

270 1428 320 1455 610
391 1420 453 1454 Hic
465 1419 619 1466 magicos
634 1418 728 1453 affert
743 1423 875 1459 cantus,
894 1418 951 1453 hic
965 1418 1128 1453 Thessala
1145 1418 1264 1454 vendit

341 1469 482 1516 philtra,
503 1469 634 1514 quibus
647 1468 759 1503 valeat
774 1473 923 1502 mentem
938 1478 1063 1502 vexare
1076 1468 1203 1507 mariti,

342 1525 374 1554 et
391 1518 481 1554 solea
496 1517 635 1564 pulsare
650 1524 757 1553 nates.
801 1517 901 1560 Quod
915 1517 1056 1564 desipis,
1073 1516 1151 1552 inde
1163 1522 1231 1558 est,

343 1568 424 1604 inde
439 1568 547 1602 animi
560 1567 671 1615 caligo
685 1573 717 1602 et
731 1579 856 1613 magna
872 1567 1002 1602 oblivio
1017 1578 1145 1608 rerum,

344 1629 433 1664 quas
454 1617 558 1652 modo
578 1618 732 1663 gessisti.
789 1617 917 1652 Tamen
937 1617 1000 1652 hoc
1013 1615 1200 1658 tolerabile,
1218 1615 1248 1652 si
1263 1621 1331 1652 n'on

273 1674 324 1703 615
345 1673 377 1702 et
391 1666 503 1702 furere
519 1667 676 1713 incipias,
693 1672 732 1702 ut
746 1666 943 1701 avunculus
958 1666 1014 1701 ille
1026 1666 1187 1708 Neronis,

345 1717 402 1752 cui
418 1722 521 1753 totam
536 1716 675 1751 tremuli
691 1717 836 1752 frontem
855 1716 1018 1752 Caesonia
1033 1715 1121 1762 pulli

347 1766 487 1803 infudit.
531 1765 626 1810 Quae
641 1778 708 1802 non
727 1767 836 1807 saciet,
855 1766 948 1813 quod
961 1766 1133 1813 Principis
1147 1763 1263 1801 uxor?
