1406 2047
431 80 618 109 SATIRA
640 80 697 109 Ν.
1016 76 1058 110 57

74 150 200 180 etcum
215 143 386 180 mortifero
398 145 551 190 prudens
565 146 706 181 Veiento
720 144 866 186 Catullo,

75 194 137 240 qui
152 205 345 239 numquam
359 195 453 229 visae
467 194 631 241 flagrabat
645 205 758 229 amore
771 193 918 240 puellae,

75 243 213 290 grande·
222 248 255 278 et
268 244 495 290 conspicuum
510 249 626 279 nostro
640 255 779 290 quoque
793 248 946 290 tempore
959 255 1060 279 mon-

610 298 734 335 strum,
1082 300 1132 327 115

75 351 194 375 caecus
208 340 364 376 adulator
380 341 549 389 dirusque
565 354 583 378 a
597 348 699 389 ponte
715 341 862 384 satelles,

76 389 205 436 dignus
219 389 378 425 Aricinos
393 392 454 437 qui
467 393 677 427 mendicaret
692 392 735 426 ad
750 403 845 432 axes,

74 438 273 484 blandaque
287 440 437 475 devexae
452 442 588 476 iactaret
603 441 700 475 basia
714 440 853 475 rhedae.

76 488 184 522 Nemo
198 490 310 536 magis
326 490 514 524 rhombum
530 491 681 535 stupuit3
712 500 793 524 nam
807 489 959 534 plurima
972 488 1060 523 dixit

76 537 112 571 in
131 536 265 573 laevam
278 550 484 582 conversus;
514 544 548 573 at
562 539 612 572 illi
627 539 745 573 dextra
760 538 889 572 iacebat
1082 543 1134 571 120

75 585 191 621 belua.
234 586 291 621 Sic
302 599 440 634 pugnas
455 587 570 623 Cilicis
585 588 759 628 laudabat,
775 592 807 621 et
821 587 922 627 ictus,

75 640 108 670 et
119 647 256 682 pegma,
274 641 306 671 et
322 648 447 682 pueros
462 637 542 672 inde
555 637 598 671 ad
612 637 739 672 velaria
753 641 878 682 raptos

74 684 151 720 Non
169 685 258 720 cedit
271 686 424 728 Veiento,
441 686 513 728 sed,
534 691 571 721 ut
585 685 764 727 fanaticus,
781 691 893 721 oestro

75 744 274 778 percussus,
294 735 446 776 Bellona,
463 740 534 776 tuo,
549 736 684 770 divinat
696 740 739 776 et,
760 736 883 779 Inyens

78 794 172 817 omen
179 785 291 824 habes,
303 783 429 829 inquit,
440 787 556 827 magni
570 787 723 827 clarique
737 787 919 827 triumphi:
1086 789 1135 816 125

76 843 188 875 regem
201 833 349 876 aliquem
368 836 490 875 cupies,
506 838 566 866 aut
580 835 619 866 cle
635 839 759 867 temone
775 833 943 867 Britanno

78 883 212 915 eoecidet
224 884 436 926 Arvz'ragyus:
460 885 645 925 pereqrina.
661 887 709 916 est
724 883 840 916 belua:
869 885 980 917 cerm's

79 936 210 964 erectas
224 933 261 964 in
280 936 375 974 terya
388 929 514 964 sudes?
540 931 609 964 Hoc
627 929 688 965 des
691 931 740 965 uit
754 942 868 965 unum

78 979 248 1020 Fabricio,
266 980 413 1025 patriam
429 984 467 1013 ut
481 979 619 1014 rhombi
633 985 837 1014 memoraret
850 985 882 1014 et
896 991 1018 1015 annos.

79 1027 279 1070 »Quidnam
294 1029 400 1076 igitur
413 1029 557 1064 censes?
583 1029 822 1064 conciditur‘?«
835 1030 930 1063 Absit
944 1032 987 1063 ab
1001 1031 1062 1064 illo
1083 1036 1135 1064 130

79 1080 221 1112 dedecus
239 1080 310 1117 hoc,
326 1079 510 1114 Montanus
525 1079 583 1112 ait.
627 1080 725 1113 Testa
737 1081 810 1112 ulla
819 1084 976 1121 paretur,

80 1139 166 1171 quae
185 1132 276 1162 tenui
289 1139 386 1163 muro
399 1131 586 1170 spatiosum
601 1130 739 1171 colliqat
752 1130 874 1163 orbem,

79 1177 225 1211 Debetur
238 1187 381 1219 maqnus
389 1179 532 1218 patinae
544 1178 740 1220 subitusque
754 1177 977 1212 Prometheus.

77 1226 244 1267 Arqillam
257 1229 359 1268 atque
371 1229 482 1258 rotam
496 1227 596 1259 citius
604 1231 800 1269 properate.
828 1226 895 1260 Sed
909 1238 952 1260 em
966 1228 1027 1262 hoo

79 1279 223 1315 tempore
235 1275 315 1313 iam,
337 1273 474 1314 Caesar,
492 1276 589 1317 fiquli
604 1280 663 1308 tua
677 1280 793 1309 castra
806 1281 1007 1320 sequantur.
1086 1282 1137 1309 135

77 1322 166 1356 Vicit
179 1321 285 1368 digna
303 1322 376 1356 viro
390 1322 570 1356 sententia.
610 1323 758 1357 Noverat
774 1323 832 1358 ille

76 1370 254 1406 luxuriam
271 1371 407 1416 imperii
424 1375 586 1412 veterem,
606 1377 791 1417 noctesque
809 1373 956 1407 Neronis

77 1421 147 1455 iam
160 1419 304 1461 medias,
322 1420 496 1465 aliamque
510 1419 648 1461 famem,
666 1431 778 1465 quum
792 1420 913 1466 pulmo
925 1421 1072 1458 Falerno

78 1469 224 1505 arderet.
261 1469 358 1504 Nulli
373 1470 482 1503 maior
499 1467 565 1502 fuit
578 1480 665 1503 usus
680 1469 804 1504 edendi

77 1523 277 1564 tempestate
290 1530 379 1553 mea.
419 1518 547 1553 Circeis
561 1523 639 1552 nata
654 1517 774 1559 forent,
791 1531 835 1554 an
1085 1527 1136 1556 140

79 1569 270 1603 Lucrinum
285 1568 328 1602 ad
342 1580 467 1603 saxum
482 1567 701 1613 Rutupinove
716 1567 805 1603 edita
819 1567 928 1604 fundo

79 1621 201 1659 ostrea,
218 1617 362 1653 callebat
375 1618 488 1664 primo
500 1616 710 1662 deprendere
723 1629 860 1663 morsu3

79 1671 112 1702 et
125 1667 230 1703 semel
245 1666 395 1714 adspecti
410 1667 492 1703 litus
510 1666 642 1701 dicebat
655 1666 782 1703 echini.

80 1715 252 1764 Surgitur,
269 1722 301 1753 et
315 1718 423 1753 misso
435 1727 590 1764 proceres
604 1717 697 1764 exire
710 1717 876 1754 iubentur
