1252 2025
373 106 561 136 SA'I'IRA
585 106 676 136 xm.
954 103 1017 138 429

38 180 91 215 Tu
101 174 259 224 quamvis
269 172 398 209 levium
412 173 595 208 minimam
610 172 844 220 exiguamque
853 171 1024 209 malorum

39 225 238 276 particulam
252 224 312 259 vix
326 222 412 258 serre
426 228 533 268 potes,
551 222 796 269 spumantibus
811 222 934 257 ardens

39 275 237 315 visceribus,
254 284 392 308 sacrum
407 273 469 307 tibi
483 273 577 318 quod
592 283 660 307 non
674 271 792 306 reddat
809 272 942 306 amicus
1059 278 1092 305 13

39 325 243 372 depositum.
274 323 394 368 Stupet
408 322 501 363 haec,
519 322 579 367 qui
600 322 667 357 iam
682 326 760 368 post
773 326 865 369 terga
880 321 1021 367 reliquit

41 374 212 422 sexaginta
226 383 346 412 annOS,
365 372 506 406 Fonteio
521 370 671 407 Consule
684 369 811 405 natus?

41 418 841 466 Annffissinmcmffitoermum1nfflkss1mu?

41 473 162 519 Magna
174 471 329 517 quidem,
347 471 454 505 sacris
471 482 561 516 quae
573 469 631 504 dat
644 473 822 515 praecepta
836 467 964 504 libellis

43 521 163 557 victrix
176 521 347 555 Fortunae
360 520 540 565 sapientia.
579 519 734 553 Dicimus
749 525 863 553 autem
1061 522 1095 550 20

41 571 104 606 hos
117 580 254 616 quoquo
268 568 393 610 felices,
412 569 473 614 qui
488 568 574 602 serre
588 566 805 602 incommoda
818 567 920 608 vitae,

42 630 103 655 nec
117 619 236 653 iactare
250 619 388 665 iugum,
406 618 475 652 vita
490 616 639 652 didicere
652 616 831 663 magistra.

34 667 135 711 'Quae
148 673 217 703 tam
232 667 315 702 festa
328 667 413 708 dies,
430 672 469 702 ut
481 671 589 701 cesset
602 665 743 711 prodere
755 664 880 705 furem,

41 717 234 763 perfidiam,
254 715 391 749 fraudes
405 720 507 760 atque
521 715 616 748 omni
630 725 673 748 ex
686 714 830 748 crimine
844 713 980 748 lucrum

43 765 251 811 quaesitum,
268 768 300 798 et
312 768 426 808 partos
439 762 554 809 gladio
567 761 620 797 vel
635 762 765 809 pyxide
778 761 927 797 numos‘?
1065 768 1098 796 25

47 813 124 848 Rari
140 813 268 859 quippe
282 812 382 847 boni:
412 822 557 847 numero
572 812 632 847 vix
646 816 729 846 sunt
742 810 895 853 totidem,
912 815 996 857 quot

46 862 240 897 Thebarum
255 867 381 907 portae,
399 860 452 896 vel
468 861 586 896 divitis
605 861 691 895 ostia
704 859 786 895 Nili.

46 913 140 947 Nona
160 916 250 946 aetas
264 911 390 958 agitur,
406 910 591 956 peioraque
605 908 740 945 saecula
753 908 834 943 ferri

46 960 268 1007 temporibus,
285 971 436 1006 quorum
455 959 572 995 sceleri
587 970 656 994 non
671 958 804 994 invenit
818 958 892 1005 ipsa

46 1007 804 1055 rmmfflimanfflmpoeustNmmanoemHoe
1067 1013 1100 1041 w

46 1070 107 1094 nos
119 1059 303 1094 hominum
317 1059 511 1104 divumque
527 1058 629 1093 fidem
643 1057 792 1093 clamore
804 1057 948 1098 ciemus,

44 1113 174 1154 quanto
191 1107 390 1143 Faesidium
405 1107 521 1143 laudat
534 1107 662 1143 vocalis
675 1112 834 1154 agentem

44 1157 220 1203 sportula?
245 1158 315 1199 Dic,
332 1158 446 1192 senior
459 1156 553 1192 bulla
567 1157 785 1204 dignissime,
803 1155 927 1197 nescis,

43 1217 132 1253 quas
145 1206 267 1242 habeat
281 1207 428 1242 Veneres
441 1206 550 1240 aliena
564 1204 735 1250 pecunia?
760 1204 884 1246 nescis,

42 1266 148 1301 quem
162 1260 217 1289 tua
233 1254 436 1299 simplicitas
452 1254 561 1288 risum
577 1253 685 1301 vulgo
698 1258 846 1294 moveat,
867 1264 980 1300 quum
1069 1259 1100 1287 35

40 1302 859 1349 emffsammmmmstoepffifflm,fflpmffiuffls

40 1362 114 1387 esse
127 1350 268 1397 aliquod
285 1362 416 1386 numen
433 1351 572 1396 templis
586 1362 734 1396 araeque
746 1349 908 1385 rubenti?

41 1400 224 1444 Quondam
237 1399 302 1435 hoc
316 1399 499 1446 indigenae
512 1399 678 1434 vivebant
694 1410 800 1440 more,
821 1399 1028 1447 priusquam

42 1454 190 1485 sumeret
204 1453 386 1496 agrestem,
403 1449 514 1495 posito
528 1448 731 1490 diademate,
751 1447 873 1483 falcem

43 1497 958 1546 Saunnusfugoens3tunc‚quun1vhgunmssa1uno
1001 1531 1006 1537 ,
1068 1503 1102 1533 40

45 1552 77 1582 et
88 1548 242 1593 privatus
261 1547 376 1582 adhuc
389 1547 499 1582 Idaeis
518 1547 646 1592 Iupiter
661 1547 787 1590 antris;

45 1595 143 1631 nulla
159 1607 262 1643 super
276 1597 389 1632 nubes
403 1596 562 1631 convivia
576 1595 838 1637 coelicolarum,

47 1655 109 1680 nec
123 1655 207 1691 puer
220 1646 356 1688 Iliacus,
374 1645 525 1680 formosa
538 1656 600 1680 nec
612 1645 768 1682 Herculis
781 1656 870 1681 uxor

48 1692 92 1728 ad
104 1694 256 1740 cyathos,
277 1701 309 1730 et
323 1695 392 1732 iam
406 1695 531 1730 siccato
545 1699 679 1730 nectare
690 1699 827 1742 tergens

49 1742 187 1778 brachia
198 1743 376 1780 Vulcanus
388 1744 554 1791 Liparaea
567 1744 667 1792 nigra
680 1744 818 1781 taberna
826 1771 834 1779 .
1069 1748 1103 1778 45

101 1803 252 1838 Iuvmm..
872 1804 887 1838 1
