<?xml version="1.0" encoding="UTF-8"?>
<!DOCTYPE html PUBLIC "-//W3C//DTD XHTML 1.0 Transitional//EN"
    "http://www.w3.org/TR/xhtml1/DTD/xhtml1-transitional.dtd">
<html xmlns="http://www.w3.org/1999/xhtml" xml:lang="en" lang="en">
 <head>
  <title>
</title>
<meta http-equiv="Content-Type" content="text/html;charset=utf-8" />
  <meta name='ocr-system' content='tesseract 3.04.00' />
  <meta name='ocr-capabilities' content='ocr_page ocr_carea ocr_par ocr_line ocrx_word'/>
</head>
<body>
  <div class='ocr_page' id='page_1' title='image "apersiiflaccietd00persuoft_0097.png"; bbox 0 0 1373 2036; ppageno 0'>
   <div class='ocr_carea' id='block_1_1' title="bbox 413 127 1047 160">
    <p class='ocr_par' dir='ltr' id='par_1_1' title="bbox 413 127 1047 160">
     <span class='ocr_line' id='line_1_1' title="bbox 413 127 1047 160; baseline 0 0"><span class='ocrx_word' id='word_1_1' title='bbox 413 129 601 160; x_wconf 65' lang='lat' dir='ltr'>SATIRA</span> <span class='ocrx_word' id='word_1_2' title='bbox 631 128 705 158; x_wconf 76' lang='lat' dir='ltr'>Vn.</span> <span class='ocrx_word' id='word_1_3' title='bbox 1005 127 1047 160; x_wconf 87' lang='lat'>85</span> 
     </span>
    </p>
   </div>
   <div class='ocr_carea' id='block_1_2' title="bbox 63 195 808 246">
    <p class='ocr_par' dir='ltr' id='par_1_2' title="bbox 63 195 808 246">
     <span class='ocr_line' id='line_1_2' title="bbox 63 195 808 246; baseline -0.008 -11"><span class='ocrx_word' id='word_1_4' title='bbox 63 199 158 246; x_wconf 85' lang='lat' dir='ltr'>quod</span> <span class='ocrx_word' id='word_1_5' title='bbox 172 209 240 234; x_wconf 89' lang='lat' dir='ltr'>non</span> <span class='ocrx_word' id='word_1_6' title='bbox 254 195 384 237; x_wconf 85' lang='lat' dir='ltr'>vidisti,</span> <span class='ocrx_word' id='word_1_7' title='bbox 400 195 526 231; x_wconf 80' lang='lat' dir='ltr'>faciant</span> <span class='ocrx_word' id='word_1_8' title='bbox 540 197 673 242; x_wconf 84' lang='lat' dir='ltr'><strong>equites</strong></span> <span class='ocrx_word' id='word_1_9' title='bbox 687 195 808 230; x_wconf 86' lang='lat' dir='ltr'>Asiani</span> 
     </span>
    </p>
   </div>
   <div class='ocr_carea' id='block_1_3' title="bbox 63 245 1047 295">
    <p class='ocr_par' dir='ltr' id='par_1_3' title="bbox 63 245 1047 295">
     <span class='ocr_line' id='line_1_3' title="bbox 63 245 1047 295; baseline -0.004 -11"><span class='ocrx_word' id='word_1_10' title='bbox 63 257 295 295; x_wconf 88' lang='lat' dir='ltr'>quamquam,</span> <span class='ocrx_word' id='word_1_11' title='bbox 324 251 357 281; x_wconf 89' lang='lat' dir='ltr'>et</span> <span class='ocrx_word' id='word_1_12' title='bbox 380 245 598 293; x_wconf 76' lang='lat' dir='ltr'>Cappadoces</span> <span class='ocrx_word' id='word_1_13' title='bbox 616 245 741 280; x_wconf 83' lang='lat' dir='ltr'>faciant</span> <span class='ocrx_word' id='word_1_14' title='bbox 767 245 970 292; x_wconf 84' lang='lat' dir='ltr'>equitesque</span> <span class='ocrx_word' id='word_1_15' title='bbox 989 245 1047 280; x_wconf 87' lang='lat' dir='ltr'>Bi—</span> 
     </span>
    </p>
   </div>
   <div class='ocr_carea' id='block_1_4' title="bbox 52 295 1016 1821">
    <p class='ocr_par' dir='ltr' id='par_1_4' title="bbox 595 295 708 342">
     <span class='ocr_line' id='line_1_4' title="bbox 595 295 708 342; baseline 0 -13"><span class='ocrx_word' id='word_1_16' title='bbox 595 295 708 342; x_wconf 68' lang='lat' dir='ltr'>thyni,</span> 
     </span>
    </p>

    <p class='ocr_par' dir='ltr' id='par_1_5' title="bbox 57 343 1016 1323">
     <span class='ocr_line' id='line_1_5' title="bbox 63 343 760 391; baseline -0.003 -10"><span class='ocrx_word' id='word_1_17' title='bbox 63 345 165 381; x_wconf 89' lang='lat' dir='ltr'>altera</span> <span class='ocrx_word' id='word_1_18' title='bbox 179 356 268 391; x_wconf 86' lang='lat' dir='ltr'>quos</span> <span class='ocrx_word' id='word_1_19' title='bbox 284 345 377 380; x_wconf 92' lang='lat' dir='ltr'>nudo</span> <span class='ocrx_word' id='word_1_20' title='bbox 391 344 537 379; x_wconf 86' lang='lat' dir='ltr'>traducit</span> <span class='ocrx_word' id='word_1_21' title='bbox 555 344 666 379; x_wconf 89' lang='lat' dir='ltr'>Gallia</span> <span class='ocrx_word' id='word_1_22' title='bbox 682 343 760 379; x_wconf 86' lang='lat' dir='ltr'>talo.</span> 
     </span>
     <span class='ocr_line' id='line_1_6' title="bbox 61 393 909 441; baseline -0.002 -11"><span class='ocrx_word' id='word_1_23' title='bbox 61 397 168 430; x_wconf 90' lang='lat' dir='ltr'>Nemo</span> <span class='ocrx_word' id='word_1_24' title='bbox 182 400 296 430; x_wconf 87' lang='lat' dir='ltr'>tamen</span> <span class='ocrx_word' id='word_1_25' title='bbox 311 395 437 429; x_wconf 85' lang='lat' dir='ltr'>studiis</span> <span class='ocrx_word' id='word_1_26' title='bbox 453 395 638 441; x_wconf 88' lang='lat' dir='ltr'>indignum</span> <span class='ocrx_word' id='word_1_27' title='bbox 653 393 739 429; x_wconf 88' lang='lat' dir='ltr'>serre</span> <span class='ocrx_word' id='word_1_28' title='bbox 756 393 909 428; x_wconf 88' lang='lat' dir='ltr'>laborem</span> 
     </span>
     <span class='ocr_line' id='line_1_7' title="bbox 59 443 864 491; baseline -0.002 -12"><span class='ocrx_word' id='word_1_29' title='bbox 59 449 198 491; x_wconf 80' lang='lat' dir='ltr'>cogetur</span> <span class='ocrx_word' id='word_1_30' title='bbox 212 444 366 490; x_wconf 85' lang='lat' dir='ltr'>posthac,</span> <span class='ocrx_word' id='word_1_31' title='bbox 384 445 486 479; x_wconf 77' lang='lat' dir='ltr'>nectit</span> <span class='ocrx_word' id='word_1_32' title='bbox 500 445 716 490; x_wconf 80' lang='lat' dir='ltr'><strong>quicumque</strong></span> <span class='ocrx_word' id='word_1_33' title='bbox 730 443 864 478; x_wconf 86' lang='lat' dir='ltr'>canoris</span> 
     </span>
     <span class='ocr_line' id='line_1_8' title="bbox 59 492 952 539; baseline -0.002 -11"><span class='ocrx_word' id='word_1_34' title='bbox 59 493 238 539; x_wconf 84' lang='lat' dir='ltr'>eloquium</span> <span class='ocrx_word' id='word_1_35' title='bbox 254 494 369 528; x_wconf 82' lang='lat' dir='ltr'>vocale</span> <span class='ocrx_word' id='word_1_36' title='bbox 384 494 509 534; x_wconf 76' lang='lat' dir='ltr'>modis,</span> <span class='ocrx_word' id='word_1_37' title='bbox 528 493 737 538; x_wconf 83' lang='lat' dir='ltr'>laurumque</span> <span class='ocrx_word' id='word_1_38' title='bbox 752 492 952 527; x_wconf 84' lang='lat' dir='ltr'><strong>momordit.</strong></span> 
     </span>
     <span class='ocr_line' id='line_1_9' title="bbox 60 540 1016 590; baseline -0.003 -12"><span class='ocrx_word' id='word_1_39' title='bbox 60 543 128 578; x_wconf 87' lang='lat' dir='ltr'>Hoc</span> <span class='ocrx_word' id='word_1_40' title='bbox 141 543 243 590; x_wconf 85' lang='lat' dir='ltr'>agite,</span> <span class='ocrx_word' id='word_1_41' title='bbox 261 554 282 578; x_wconf 92' lang='grc' dir='ltr'>ο</span> <span class='ocrx_word' id='word_1_42' title='bbox 295 544 438 578; x_wconf 85' lang='lat' dir='ltr'>iuvenes</span> <span class='ocrx_word' id='word_1_43' title='bbox 452 556 458 576; x_wconf 93' lang='lat'>:</span> <span class='ocrx_word' id='word_1_44' title='bbox 488 543 723 587; x_wconf 85' lang='lat' dir='ltr'>circumspicit</span> <span class='ocrx_word' id='word_1_45' title='bbox 737 547 769 576; x_wconf 87' lang='lat' dir='ltr'>et</span> <span class='ocrx_word' id='word_1_46' title='bbox 783 540 940 575; x_wconf 86' lang='lat' dir='ltr'>stimulat</span> <span class='ocrx_word' id='word_1_47' title='bbox 955 552 1016 576; x_wconf 90' lang='lat' dir='ltr'>vos</span> 
     </span>
     <span class='ocr_line' id='line_1_10' title="bbox 59 590 904 639; baseline -0.004 -12"><span class='ocrx_word' id='word_1_48' title='bbox 59 593 308 639; x_wconf 84' lang='lat' dir='ltr'>materiamque</span> <span class='ocrx_word' id='word_1_49' title='bbox 321 592 386 627; x_wconf 84' lang='lat' dir='ltr'>sibi</span> <span class='ocrx_word' id='word_1_50' title='bbox 405 592 508 626; x_wconf 86' lang='lat' dir='ltr'>Ducis</span> <span class='ocrx_word' id='word_1_51' title='bbox 524 591 739 637; x_wconf 79' lang='lat' dir='ltr'>indulgentia</span> <span class='ocrx_word' id='word_1_52' title='bbox 757 590 904 636; x_wconf 88' lang='lat' dir='ltr'>quaerit.</span> 
     </span>
     <span class='ocr_line' id='line_1_11' title="bbox 58 639 973 688; baseline -0.002 -12"><span class='ocrx_word' id='word_1_53' title='bbox 58 641 93 676; x_wconf 93' lang='lat' dir='ltr'>Si</span> <span class='ocrx_word' id='word_1_54' title='bbox 107 653 176 688; x_wconf 88' lang='lat' dir='ltr'>qua</span> <span class='ocrx_word' id='word_1_55' title='bbox 191 641 331 676; x_wconf 85' lang='lat' dir='ltr'>aliunde</span> <span class='ocrx_word' id='word_1_56' title='bbox 343 646 443 687; x_wconf 84' lang='lat' dir='ltr'>putas</span> <span class='ocrx_word' id='word_1_57' title='bbox 457 652 573 675; x_wconf 90' lang='lat' dir='ltr'>rerum</span> <span class='ocrx_word' id='word_1_58' title='bbox 588 639 817 686; x_wconf 85' lang='lat' dir='ltr'>exspectanda</span> <span class='ocrx_word' id='word_1_59' title='bbox 832 645 973 674; x_wconf 86' lang='lat' dir='ltr'>tuarum</span> 
     </span>
     <span class='ocr_line' id='line_1_12' title="bbox 57 689 977 737; baseline -0.003 -11"><span class='ocrx_word' id='word_1_60' title='bbox 57 691 240 737; x_wconf 87' lang='lat' dir='ltr'>praesidia,</span> <span class='ocrx_word' id='word_1_61' title='bbox 261 696 365 737; x_wconf 89' lang='lat' dir='ltr'>atque</span> <span class='ocrx_word' id='word_1_62' title='bbox 380 690 454 725; x_wconf 90' lang='lat' dir='ltr'>ideo</span> <span class='ocrx_word' id='word_1_63' title='bbox 467 701 602 725; x_wconf 87' lang='lat' dir='ltr'>croceae</span> <span class='ocrx_word' id='word_1_64' title='bbox 616 690 818 725; x_wconf 86' lang='lat' dir='ltr'>membrana</span> <span class='ocrx_word' id='word_1_65' title='bbox 833 689 977 724; x_wconf 87' lang='lat' dir='ltr'>tabellae</span> 
     </span>
     <span class='ocr_line' id='line_1_13' title="bbox 58 740 978 785; baseline -0.001 -11"><span class='ocrx_word' id='word_1_66' title='bbox 58 740 239 785; x_wconf 70' lang='lat' dir='ltr'>impletur,</span> <span class='ocrx_word' id='word_1_67' title='bbox 269 740 444 785; x_wconf 90' lang='lat' dir='ltr'>lignorum</span> <span class='ocrx_word' id='word_1_68' title='bbox 458 740 592 784; x_wconf 89' lang='lat' dir='ltr'>aliquid</span> <span class='ocrx_word' id='word_1_69' title='bbox 604 751 705 784; x_wconf 88' lang='lat' dir='ltr'>posce</span> <span class='ocrx_word' id='word_1_70' title='bbox 719 740 814 774; x_wconf 89' lang='lat' dir='ltr'>ocius</span> <span class='ocrx_word' id='word_1_71' title='bbox 827 744 872 780; x_wconf 88' lang='lat' dir='ltr'>et,</span> <span class='ocrx_word' id='word_1_72' title='bbox 887 749 978 785; x_wconf 86' lang='lat' dir='ltr'>quae</span> 
     </span>
     <span class='ocr_line' id='line_1_14' title="bbox 58 787 886 833; baseline -0.004 -10"><span class='ocrx_word' id='word_1_73' title='bbox 58 789 249 833; x_wconf 90' lang='lat' dir='ltr'>componis,</span> <span class='ocrx_word' id='word_1_74' title='bbox 266 787 357 822; x_wconf 83' lang='lat' dir='ltr'>dona</span> <span class='ocrx_word' id='word_1_75' title='bbox 370 788 522 825; x_wconf 81' lang='lat' dir='ltr'>Veneris,</span> <span class='ocrx_word' id='word_1_76' title='bbox 539 787 732 827; x_wconf 87' lang='lat' dir='ltr'>Thelesiue,</span> <span class='ocrx_word' id='word_1_77' title='bbox 750 788 886 828; x_wconf 87' lang='lat' dir='ltr'>marito,</span> 
     </span>
     <span class='ocr_line' id='line_1_15' title="bbox 59 835 885 882; baseline -0.004 -10"><span class='ocrx_word' id='word_1_78' title='bbox 59 842 118 872; x_wconf 89' lang='lat' dir='ltr'>aut</span> <span class='ocrx_word' id='word_1_79' title='bbox 131 836 252 872; x_wconf 89' lang='lat' dir='ltr'>claude</span> <span class='ocrx_word' id='word_1_80' title='bbox 265 842 298 871; x_wconf 90' lang='lat' dir='ltr'>et</span> <span class='ocrx_word' id='word_1_81' title='bbox 311 836 440 882; x_wconf 86' lang='lat' dir='ltr'>positos</span> <span class='ocrx_word' id='word_1_82' title='bbox 455 836 544 870; x_wconf 84' lang='lat' dir='ltr'>tinea</span> <span class='ocrx_word' id='word_1_83' title='bbox 559 835 727 881; x_wconf 87' lang='lat' dir='ltr'>pertunde</span> <span class='ocrx_word' id='word_1_84' title='bbox 741 835 885 870; x_wconf 87' lang='lat' dir='ltr'>libellos.</span> 
     </span>
     <span class='ocr_line' id='line_1_16' title="bbox 59 884 960 932; baseline 0.001 -12"><span class='ocrx_word' id='word_1_85' title='bbox 59 887 194 932; x_wconf 83' lang='lat' dir='ltr'>Frange</span> <span class='ocrx_word' id='word_1_86' title='bbox 209 886 315 921; x_wconf 89' lang='lat' dir='ltr'>miser</span> <span class='ocrx_word' id='word_1_87' title='bbox 328 885 489 926; x_wconf 83' lang='lat' dir='ltr'>calamos,</span> <span class='ocrx_word' id='word_1_88' title='bbox 508 885 719 932; x_wconf 85' lang='lat' dir='ltr'>vigilataque</span> <span class='ocrx_word' id='word_1_89' title='bbox 732 884 860 931; x_wconf 90' lang='lat' dir='ltr'>proelia</span> <span class='ocrx_word' id='word_1_90' title='bbox 873 884 960 927; x_wconf 87' lang='lat' dir='ltr'>dele,</span> 
     </span>
     <span class='ocr_line' id='line_1_17' title="bbox 57 934 842 982; baseline 0 -13"><span class='ocrx_word' id='word_1_91' title='bbox 57 935 119 982; x_wconf 87' lang='lat' dir='ltr'>qui</span> <span class='ocrx_word' id='word_1_92' title='bbox 134 934 216 970; x_wconf 84' lang='lat' dir='ltr'>facis</span> <span class='ocrx_word' id='word_1_93' title='bbox 231 935 266 970; x_wconf 92' lang='lat' dir='ltr'>in</span> <span class='ocrx_word' id='word_1_94' title='bbox 281 946 387 980; x_wconf 86' lang='lat' dir='ltr'>parva</span> <span class='ocrx_word' id='word_1_95' title='bbox 400 934 565 969; x_wconf 88' lang='lat' dir='ltr'>sublimia</span> <span class='ocrx_word' id='word_1_96' title='bbox 579 935 732 969; x_wconf 87' lang='lat' dir='ltr'>carmina</span> <span class='ocrx_word' id='word_1_97' title='bbox 745 934 842 976; x_wconf 87' lang='lat' dir='ltr'>cella,</span> 
     </span>
     <span class='ocr_line' id='line_1_18' title="bbox 57 984 873 1031; baseline -0.001 -12"><span class='ocrx_word' id='word_1_98' title='bbox 57 989 97 1019; x_wconf 86' lang='lat' dir='ltr'>ut</span> <span class='ocrx_word' id='word_1_99' title='bbox 109 984 239 1031; x_wconf 89' lang='lat' dir='ltr'>dignus</span> <span class='ocrx_word' id='word_1_100' title='bbox 253 985 371 1019; x_wconf 89' lang='lat' dir='ltr'>venias</span> <span class='ocrx_word' id='word_1_101' title='bbox 385 984 522 1019; x_wconf 85' lang='lat' dir='ltr'>hederis</span> <span class='ocrx_word' id='word_1_102' title='bbox 536 990 568 1019; x_wconf 88' lang='lat' dir='ltr'>et</span> <span class='ocrx_word' id='word_1_103' title='bbox 582 984 733 1031; x_wconf 80' lang='lat' dir='ltr'>imagine</span> <span class='ocrx_word' id='word_1_104' title='bbox 747 995 873 1018; x_wconf 85' lang='lat' dir='ltr'>macra.</span> 
     </span>
     <span class='ocr_line' id='line_1_19' title="bbox 58 1033 924 1080; baseline -0.001 -11"><span class='ocrx_word' id='word_1_105' title='bbox 58 1033 143 1080; x_wconf 88' lang='lat' dir='ltr'>Spes</span> <span class='ocrx_word' id='word_1_106' title='bbox 158 1033 253 1069; x_wconf 87' lang='lat' dir='ltr'>nulla</span> <span class='ocrx_word' id='word_1_107' title='bbox 267 1034 424 1069; x_wconf 82' lang='lat' dir='ltr'>ulterior:</span> <span class='ocrx_word' id='word_1_108' title='bbox 453 1034 574 1068; x_wconf 85' lang='lat' dir='ltr'>didicit</span> <span class='ocrx_word' id='word_1_109' title='bbox 591 1046 673 1068; x_wconf 89' lang='lat' dir='ltr'>nam</span> <span class='ocrx_word' id='word_1_110' title='bbox 687 1034 785 1068; x_wconf 84' lang='lat' dir='ltr'>dives</span> <span class='ocrx_word' id='word_1_111' title='bbox 798 1045 924 1075; x_wconf 43' lang='lat' dir='ltr'>ava-rus</span> 
     </span>
     <span class='ocr_line' id='line_1_20' title="bbox 59 1083 866 1125; baseline 0 -7"><span class='ocrx_word' id='word_1_112' title='bbox 59 1089 193 1118; x_wconf 77' lang='lat' dir='ltr'>tantum</span> <span class='ocrx_word' id='word_1_113' title='bbox 214 1083 390 1124; x_wconf 88' lang='lat' dir='ltr'>admirari,</span> <span class='ocrx_word' id='word_1_114' title='bbox 408 1089 541 1118; x_wconf 87' lang='lat' dir='ltr'>tantum</span> <span class='ocrx_word' id='word_1_115' title='bbox 556 1083 696 1118; x_wconf 89' lang='lat' dir='ltr'>laudare</span> <span class='ocrx_word' id='word_1_116' title='bbox 709 1083 866 1125; x_wconf 86' lang='lat' dir='ltr'>disertos,</span> 
     </span>
     <span class='ocr_line' id='line_1_21' title="bbox 58 1132 827 1178; baseline -0.001 -11"><span class='ocrx_word' id='word_1_117' title='bbox 58 1138 95 1168; x_wconf 92' lang='lat' dir='ltr'>ut</span> <span class='ocrx_word' id='word_1_118' title='bbox 108 1133 206 1178; x_wconf 89' lang='lat' dir='ltr'>pueri</span> <span class='ocrx_word' id='word_1_119' title='bbox 219 1133 362 1168; x_wconf 88' lang='lat' dir='ltr'>Iunonis</span> <span class='ocrx_word' id='word_1_120' title='bbox 377 1145 486 1169; x_wconf 85' lang='lat' dir='ltr'>avem.</span> <span class='ocrx_word' id='word_1_121' title='bbox 526 1133 593 1168; x_wconf 85' lang='lat' dir='ltr'>Sed</span> <span class='ocrx_word' id='word_1_122' title='bbox 605 1132 723 1167; x_wconf 85' lang='lat' dir='ltr'>defluit</span> <span class='ocrx_word' id='word_1_123' title='bbox 737 1138 827 1167; x_wconf 82' lang='lat' dir='ltr'>aetas</span> 
     </span>
     <span class='ocr_line' id='line_1_22' title="bbox 57 1181 832 1228; baseline -0.001 -12"><span class='ocrx_word' id='word_1_124' title='bbox 57 1188 89 1216; x_wconf 91' lang='lat' dir='ltr'>et</span> <span class='ocrx_word' id='word_1_125' title='bbox 104 1181 215 1228; x_wconf 86' lang='lat' dir='ltr'>pelagi</span> <span class='ocrx_word' id='word_1_126' title='bbox 228 1183 360 1227; x_wconf 86' lang='lat' dir='ltr'>patiens</span> <span class='ocrx_word' id='word_1_127' title='bbox 374 1187 406 1216; x_wconf 87' lang='lat' dir='ltr'>et</span> <span class='ocrx_word' id='word_1_128' title='bbox 417 1181 562 1215; x_wconf 85' lang='lat' dir='ltr'>cassidis</span> <span class='ocrx_word' id='word_1_129' title='bbox 576 1188 679 1227; x_wconf 88' lang='lat' dir='ltr'>atque</span> <span class='ocrx_word' id='word_1_130' title='bbox 692 1181 832 1228; x_wconf 85' lang='lat' dir='ltr'>ligonis.</span> 
     </span>
     <span class='ocr_line' id='line_1_23' title="bbox 58 1229 1010 1278; baseline 0.001 -13"><span class='ocrx_word' id='word_1_131' title='bbox 58 1230 181 1265; x_wconf 86' lang='lat' dir='ltr'>Taedia</span> <span class='ocrx_word' id='word_1_132' title='bbox 196 1236 277 1263; x_wconf 81' lang='lat' dir='ltr'>tunc</span> <span class='ocrx_word' id='word_1_133' title='bbox 290 1229 441 1262; x_wconf 88' lang='lat' dir='ltr'>subeunt</span> <span class='ocrx_word' id='word_1_134' title='bbox 455 1230 601 1270; x_wconf 86' lang='lat' dir='ltr'>animos,</span> <span class='ocrx_word' id='word_1_135' title='bbox 619 1236 702 1265; x_wconf 88' lang='lat' dir='ltr'>tunc</span> <span class='ocrx_word' id='word_1_136' title='bbox 715 1242 823 1276; x_wconf 91' lang='lat' dir='ltr'>seque</span> <span class='ocrx_word' id='word_1_137' title='bbox 837 1242 1010 1278; x_wconf 84' lang='lat' dir='ltr'>suamque</span> 
     </span>
     <span class='ocr_line' id='line_1_24' title="bbox 57 1277 889 1323; baseline 0.005 -11"><span class='ocrx_word' id='word_1_138' title='bbox 57 1277 303 1323; x_wconf 85' lang='lat' dir='ltr'>Terpsichoren</span> <span class='ocrx_word' id='word_1_139' title='bbox 316 1277 388 1312; x_wconf 89' lang='lat' dir='ltr'>odit</span> <span class='ocrx_word' id='word_1_140' title='bbox 402 1277 550 1313; x_wconf 86' lang='lat' dir='ltr'>facunda</span> <span class='ocrx_word' id='word_1_141' title='bbox 568 1284 600 1313; x_wconf 86' lang='lat' dir='ltr'>et</span> <span class='ocrx_word' id='word_1_142' title='bbox 613 1280 708 1315; x_wconf 87' lang='lat' dir='ltr'>nuda</span> <span class='ocrx_word' id='word_1_143' title='bbox 720 1286 889 1316; x_wconf 85' lang='lat' dir='ltr'>senectus.</span> 
     </span>
    </p>

    <p class='ocr_par' dir='ltr' id='par_1_6' title="bbox 52 1327 989 1821">
     <span class='ocr_line' id='line_1_25' title="bbox 103 1327 943 1374; baseline 0.004 -13"><span class='ocrx_word' id='word_1_144' title='bbox 103 1327 228 1373; x_wconf 91' lang='lat' dir='ltr'>Accipe</span> <span class='ocrx_word' id='word_1_145' title='bbox 241 1339 335 1362; x_wconf 89' lang='lat' dir='ltr'>nunc</span> <span class='ocrx_word' id='word_1_146' title='bbox 347 1333 445 1369; x_wconf 83' lang='lat' dir='ltr'>artes,</span> <span class='ocrx_word' id='word_1_147' title='bbox 463 1339 506 1363; x_wconf 89' lang='lat' dir='ltr'>ne</span> <span class='ocrx_word' id='word_1_148' title='bbox 523 1329 610 1374; x_wconf 92' lang='lat' dir='ltr'>quid</span> <span class='ocrx_word' id='word_1_149' title='bbox 623 1330 686 1364; x_wconf 87' lang='lat' dir='ltr'>tibi</span> <span class='ocrx_word' id='word_1_150' title='bbox 703 1329 854 1365; x_wconf 85' lang='lat' dir='ltr'>conferat</span> <span class='ocrx_word' id='word_1_151' title='bbox 868 1331 943 1371; x_wconf 86' lang='lat' dir='ltr'>iste,</span> 
     </span>
     <span class='ocr_line' id='line_1_26' title="bbox 54 1376 989 1423; baseline 0.003 -12"><span class='ocrx_word' id='word_1_152' title='bbox 54 1388 161 1423; x_wconf 90' lang='lat' dir='ltr'>quem</span> <span class='ocrx_word' id='word_1_153' title='bbox 174 1376 270 1419; x_wconf 77' lang='lat' dir='ltr'>colis,</span> <span class='ocrx_word' id='word_1_154' title='bbox 288 1381 320 1411; x_wconf 87' lang='lat' dir='ltr'>et</span> <span class='ocrx_word' id='word_1_155' title='bbox 332 1377 512 1412; x_wconf 83' lang='lat' dir='ltr'>Musarum</span> <span class='ocrx_word' id='word_1_156' title='bbox 526 1383 558 1412; x_wconf 88' lang='lat' dir='ltr'>et</span> <span class='ocrx_word' id='word_1_157' title='bbox 571 1378 743 1423; x_wconf 76' lang='lat' dir='ltr'>Apollinis</span> <span class='ocrx_word' id='word_1_158' title='bbox 762 1379 844 1414; x_wconf 91' lang='lat' dir='ltr'>aede</span> <span class='ocrx_word' id='word_1_159' title='bbox 860 1379 989 1414; x_wconf 81' lang='lat' dir='ltr'>relicta.</span> 
     </span>
     <span class='ocr_line' id='line_1_27' title="bbox 54 1424 829 1472; baseline 0.004 -12"><span class='ocrx_word' id='word_1_160' title='bbox 54 1427 130 1472; x_wconf 88' lang='lat' dir='ltr'>Ipse</span> <span class='ocrx_word' id='word_1_161' title='bbox 144 1424 224 1460; x_wconf 88' lang='lat' dir='ltr'>facit</span> <span class='ocrx_word' id='word_1_162' title='bbox 236 1437 370 1466; x_wconf 87' lang='lat' dir='ltr'>versus,</span> <span class='ocrx_word' id='word_1_163' title='bbox 388 1432 491 1472; x_wconf 89' lang='lat' dir='ltr'>atque</span> <span class='ocrx_word' id='word_1_164' title='bbox 507 1427 566 1461; x_wconf 89' lang='lat' dir='ltr'>uni</span> <span class='ocrx_word' id='word_1_165' title='bbox 581 1427 668 1461; x_wconf 88' lang='lat' dir='ltr'>cedit</span> <span class='ocrx_word' id='word_1_166' title='bbox 682 1429 829 1463; x_wconf 88' lang='lat' dir='ltr'>Homero</span> 
     </span>
     <span class='ocr_line' id='line_1_28' title="bbox 54 1475 871 1522; baseline 0.002 -12"><span class='ocrx_word' id='word_1_167' title='bbox 54 1480 191 1522; x_wconf 85' lang='lat' dir='ltr'>propter</span> <span class='ocrx_word' id='word_1_168' title='bbox 206 1475 302 1510; x_wconf 89' lang='lat' dir='ltr'>mille</span> <span class='ocrx_word' id='word_1_169' title='bbox 314 1486 436 1516; x_wconf 86' lang='lat' dir='ltr'>annos,</span> <span class='ocrx_word' id='word_1_170' title='bbox 453 1481 497 1515; x_wconf 88' lang='lat' dir='ltr'>at,</span> <span class='ocrx_word' id='word_1_171' title='bbox 514 1476 544 1510; x_wconf 89' lang='lat' dir='ltr'>si</span> <span class='ocrx_word' id='word_1_172' title='bbox 563 1475 745 1512; x_wconf 86' lang='lat' dir='ltr'>dulcedine</span> <span class='ocrx_word' id='word_1_173' title='bbox 758 1477 871 1512; x_wconf 84' lang='lat' dir='ltr'>famae</span> 
     </span>
     <span class='ocr_line' id='line_1_29' title="bbox 54 1525 940 1567; baseline 0.003 -8"><span class='ocrx_word' id='word_1_174' title='bbox 54 1536 242 1560; x_wconf 85' lang='lat' dir='ltr'>succensus</span> <span class='ocrx_word' id='word_1_175' title='bbox 256 1525 387 1566; x_wconf 88' lang='lat' dir='ltr'>recites,</span> <span class='ocrx_word' id='word_1_176' title='bbox 405 1525 607 1560; x_wconf 84' lang='lat' dir='ltr'>Maculonus</span> <span class='ocrx_word' id='word_1_177' title='bbox 622 1527 817 1561; x_wconf 87' lang='lat' dir='ltr'>commodat</span> <span class='ocrx_word' id='word_1_178' title='bbox 829 1526 940 1567; x_wconf 77' lang='lat' dir='ltr'>aedes,</span> 
     </span>
     <span class='ocr_line' id='line_1_30' title="bbox 55 1573 792 1623; baseline 0.001 -14"><span class='ocrx_word' id='word_1_179' title='bbox 55 1585 93 1609; x_wconf 86' lang='lat' dir='ltr'>ac</span> <span class='ocrx_word' id='word_1_180' title='bbox 107 1573 207 1623; x_wconf 84' lang='lat' dir='ltr'>longe</span> <span class='ocrx_word' id='word_1_181' title='bbox 221 1574 343 1609; x_wconf 85' lang='lat' dir='ltr'>ferrata</span> <span class='ocrx_word' id='word_1_182' title='bbox 357 1575 482 1609; x_wconf 82' lang='lat' dir='ltr'>domus</span> <span class='ocrx_word' id='word_1_183' title='bbox 495 1576 623 1610; x_wconf 87' lang='lat' dir='ltr'>servire</span> <span class='ocrx_word' id='word_1_184' title='bbox 642 1576 792 1618; x_wconf 84' lang='lat' dir='ltr'>iubetur,</span> 
     </span>
     <span class='ocr_line' id='line_1_31' title="bbox 55 1623 782 1670; baseline 0.001 -12"><span class='ocrx_word' id='word_1_185' title='bbox 55 1623 91 1658; x_wconf 90' lang='lat' dir='ltr'>in</span> <span class='ocrx_word' id='word_1_186' title='bbox 109 1635 179 1669; x_wconf 90' lang='lat' dir='ltr'>qua</span> <span class='ocrx_word' id='word_1_187' title='bbox 193 1623 356 1658; x_wconf 88' lang='lat' dir='ltr'>sollicitas</span> <span class='ocrx_word' id='word_1_188' title='bbox 371 1624 525 1658; x_wconf 89' lang='lat' dir='ltr'>imitatur</span> <span class='ocrx_word' id='word_1_189' title='bbox 539 1625 641 1659; x_wconf 87' lang='lat' dir='ltr'>ianua</span> <span class='ocrx_word' id='word_1_190' title='bbox 655 1630 782 1670; x_wconf 88' lang='lat' dir='ltr'>portas.</span> 
     </span>
     <span class='ocr_line' id='line_1_32' title="bbox 52 1671 869 1720; baseline 0.002 -13"><span class='ocrx_word' id='word_1_191' title='bbox 52 1671 123 1707; x_wconf 89' lang='lat' dir='ltr'>Scit</span> <span class='ocrx_word' id='word_1_192' title='bbox 135 1672 216 1708; x_wconf 89' lang='lat' dir='ltr'>dare</span> <span class='ocrx_word' id='word_1_193' title='bbox 230 1672 369 1708; x_wconf 88' lang='lat' dir='ltr'>libertos</span> <span class='ocrx_word' id='word_1_194' title='bbox 384 1679 536 1708; x_wconf 81' lang='lat' dir='ltr'>extrema</span> <span class='ocrx_word' id='word_1_195' title='bbox 554 1673 589 1708; x_wconf 86' lang='lat' dir='ltr'>in</span> <span class='ocrx_word' id='word_1_196' title='bbox 605 1680 700 1720; x_wconf 85' lang='lat' dir='ltr'>parte</span> <span class='ocrx_word' id='word_1_197' title='bbox 712 1674 869 1710; x_wconf 87' lang='lat' dir='ltr'>sedentes</span> 
     </span>
     <span class='ocr_line' id='line_1_33' title="bbox 53 1721 907 1769; baseline 0.004 -13"><span class='ocrx_word' id='word_1_198' title='bbox 53 1721 198 1763; x_wconf 85' lang='lat' dir='ltr'>ordinis,</span> <span class='ocrx_word' id='word_1_199' title='bbox 214 1727 247 1757; x_wconf 89' lang='lat' dir='ltr'>et</span> <span class='ocrx_word' id='word_1_200' title='bbox 262 1734 408 1769; x_wconf 83' lang='lat' dir='ltr'>magnas</span> <span class='ocrx_word' id='word_1_201' title='bbox 422 1723 588 1757; x_wconf 89' lang='lat' dir='ltr'>comitum</span> <span class='ocrx_word' id='word_1_202' title='bbox 601 1723 783 1769; x_wconf 89' lang='lat' dir='ltr'>disponere</span> <span class='ocrx_word' id='word_1_203' title='bbox 796 1735 907 1759; x_wconf 76' lang='lat' dir='ltr'>voces.</span> 
     </span>
     <span class='ocr_line' id='line_1_34' title="bbox 54 1771 917 1821; baseline 0.001 -14"><span class='ocrx_word' id='word_1_204' title='bbox 54 1771 163 1808; x_wconf 87' lang='lat' dir='ltr'>Nemo</span> <span class='ocrx_word' id='word_1_205' title='bbox 175 1772 271 1808; x_wconf 86' lang='lat' dir='ltr'>dabit</span> <span class='ocrx_word' id='word_1_206' title='bbox 284 1783 418 1821; x_wconf 83' lang='lat' dir='ltr'>regum,</span> <span class='ocrx_word' id='word_1_207' title='bbox 437 1773 559 1820; x_wconf 88' lang='lat' dir='ltr'>quanti</span> <span class='ocrx_word' id='word_1_208' title='bbox 572 1773 737 1810; x_wconf 89' lang='lat' dir='ltr'>subsellia</span> <span class='ocrx_word' id='word_1_209' title='bbox 751 1778 917 1816; x_wconf 85' lang='lat' dir='ltr'>constent,</span> 
     </span>
    </p>
   </div>
   <div class='ocr_carea' id='block_1_5' title="bbox 1088 301 1120 328">
    <p class='ocr_par' dir='ltr' id='par_1_7' title="bbox 1088 301 1120 328">
     <span class='ocr_line' id='line_1_35' title="bbox 1088 301 1120 328; baseline 0 0"><span class='ocrx_word' id='word_1_210' title='bbox 1088 301 1120 328; x_wconf 85' lang='lat'>15</span> 
     </span>
    </p>
   </div>
   <div class='ocr_carea' id='block_1_6' title="bbox 1088 794 1120 822">
    <p class='ocr_par' dir='ltr' id='par_1_8' title="bbox 1088 794 1120 822">
     <span class='ocr_line' id='line_1_36' title="bbox 1088 794 1120 822; baseline 0.031 -1"><span class='ocrx_word' id='word_1_211' title='bbox 1088 794 1120 822; x_wconf 79' lang='lat'>25</span> 
     </span>
    </p>
   </div>
   <div class='ocr_carea' id='block_1_7' title="bbox 1086 1041 1119 1068">
    <p class='ocr_par' dir='ltr' id='par_1_9' title="bbox 1086 1041 1119 1068">
     <span class='ocr_line' id='line_1_37' title="bbox 1086 1041 1119 1068; baseline -0.03 0"><span class='ocrx_word' id='word_1_212' title='bbox 1086 1041 1119 1068; x_wconf 83' lang='lat'>30</span> 
     </span>
    </p>
   </div>
   <div class='ocr_carea' id='block_1_8' title="bbox 1083 1288 1117 1315">
    <p class='ocr_par' dir='ltr' id='par_1_10' title="bbox 1083 1288 1117 1315">
     <span class='ocr_line' id='line_1_38' title="bbox 1083 1288 1117 1315; baseline 0.029 -1"><span class='ocrx_word' id='word_1_213' title='bbox 1083 1288 1117 1315; x_wconf 77' lang='lat'>35</span> 
     </span>
    </p>
   </div>
   <div class='ocr_carea' id='block_1_9' title="bbox 1080 1533 1114 1562">
    <p class='ocr_par' dir='ltr' id='par_1_11' title="bbox 1080 1533 1114 1562">
     <span class='ocr_line' id='line_1_39' title="bbox 1080 1533 1114 1562; baseline 0 0"><span class='ocrx_word' id='word_1_214' title='bbox 1080 1533 1114 1562; x_wconf 78' lang='lat'>40</span> 
     </span>
    </p>
   </div>
  </div>
 </body>
</html>
