1406 2047
253 411 303 438 120

258 954 308 982 130

262 1201 311 1228 135

323 136 365 171 62
669 136 948 168 IUVENALIS

324 206 436 241 fumat
449 216 547 252 aper:
577 205 761 251 posthunc
775 203 945 239 roduntur
958 203 1091 246 tubera,
1107 204 1135 239 si
1151 214 1210 240 ver

322 262 405 292 tunc
418 256 481 290 erit
494 261 526 290 et
543 254 666 290 sacient
679 260 790 300 optata
806 254 954 289 tonitrua
969 265 1091 289 coenas

324 306 483 340 maiores.
525 305 601 339 Tibi
615 305 704 340 habe
719 304 944 345 frumentum,
960 303 1115 339 Alledius
1130 303 1258 349 inquit,

323 366 343 390 o
358 355 485 402 Libya
502 354 665 401 disiunge
684 355 802 397 boves,
819 354 904 389 dum
922 354 1041 389 tubera
1056 354 1190 388 mittas!

373 405 580 439 Structorem
599 404 724 439 interea
744 404 799 450 (ne
812 415 882 450 qua
898 403 1089 450 indignatio
1101 402 1201 449 desit)

325 452 506 488 saltantem
520 458 651 499 spectes
669 458 701 488 et
711 456 986 501 χειρονο,ιιοῦντα
1004 452 1133 488 volanti

325 503 474 544 cultello,
491 503 600 537 donec
613 508 755 549 peragat
769 503 893 537 dictata
908 502 1065 548 magistri

324 553 454 588 omnia.
490 553 558 587 Nec
573 553 719 586 minimo
733 564 816 587 sane.
829 552 1031 586 discrimine
1045 549 1156 592 refert,

326 613 396 648 quo
409 606 510 649 gestu
525 601 656 647 lepores
671 607 704 636 et
717 613 788 648 quo
800 601 930 649 gallina
945 606 1090 635 secetur.

374 651 515 686 Duceris
531 651 658 697 planta,
675 651 771 686 velut
786 652 872 686 ictus
886 651 930 685 ab
944 650 1088 686 Hercule
1103 649 1225 690 Cacus,

325 705 356 736 et
371 712 498 746 ponere
512 700 614 743 foras,
632 701 661 735 si
676 701 763 747 quid
778 701 960 736 tentaveris
976 711 1148 746 umquam

327 750 471 792 hiscere,
487 756 667 796 tamquam
680 751 808 785 habeas
821 751 885 785 tria
900 750 1055 784 nomina.
1079 747 1226 790 Quando
1238 757 1311 792 pro-

864 799 963 840 pluat

328 848 429 882 Virro
442 847 518 888 tibi,
536 844 714 891 sumitque
728 844 798 879 tuis
811 848 965 878 contacta
980 842 1116 879 labellis

328 896 475 944 pocula‘?
500 896 581 942 quis
599 900 754 930 vestrum
773 894 976 929 temerarius
997 904 1111 940 usque
1125 892 1220 935 adeo,
1238 894 1318 939 quis

329 947 498 994 perditus,
516 950 554 981 ut
567 944 657 979 dicat
672 945 756 992 regi,
773 943 881 979 Bihe‘?
907 943 1061 978 Plurima
1077 948 1171 985 sunt,
1193 954 1283 990 quae

330 1008 399 1032 non
415 996 542 1031 audent
557 995 716 1030 homines
735 999 873 1041 pertusa
887 993 999 1028 dic-ere
1013 993 1120 1027 laena.

330 1046 589 1092 Quadringenta
604 1045 664 1079 tibi
682 1045 710 1079 si
726 1044 808 1090 quis
822 1043 909 1078 deus
923 1048 981 1078 aut
996 1042 1124 1077 similis
1139 1042 1194 1077 dis

330 1101 363 1130 et
377 1095 498 1129 melior
513 1095 590 1130 fatis
604 1094 745 1129 donaret
761 1094 959 1134 homuncio,
981 1097 1135 1139 quantus

331 1157 375 1180 ex
389 1144 510 1183 nihilo,
528 1149 682 1190 quantus
697 1143 795 1178 fieres
810 1144 968 1178 Virronis
982 1142 1134 1177 amicus!

331 1195 385 1229 Da
409 1195 546 1228 Trebio]
572 1194 660 1226 Pone
682 1196 728 1227 ml
746 1193 920 1226 Trebium!
957 1193 1024 1231 Vis,
1049 1195 1170 1234 frater,
1187 1192 1231 1225 ab
1240 1194 1324 1234 ipsis

333 1241 460 1278 ilibus?
487 1241 515 1277 Ο
529 1242 679 1282 nummi,
698 1241 797 1275 vobis
816 1240 910 1274 hunc
923 1244 1072 1283 praestat
1086 1238 1265 1280 honorem,

332 1303 395 1327 vos
409 1291 491 1326 estis
506 1290 638 1325 fratres.
679 1290 848 1323 Dominus
866 1293 979 1322 tamen
993 1292 1025 1321 et
1039 1286 1170 1322 domini
1189 1298 1248 1322 rex

334 1342 364 1376 si
379 1341 433 1375 vis
444 1345 481 1374 tu
497 1339 582 1380 sieri,
600 1338 720 1373 nullus
735 1338 796 1371 tibi
813 1336 982 1382 parvulus
996 1335 1076 1371 aula

335 1390 456 1425 luserit
470 1388 614 1428 Aeneas,
632 1397 695 1422 nee
709 1386 779 1420 filia
794 1385 927 1420 dulcior
943 1385 1010 1419 illo.

263 1445 315 1474 140
335 1438 533 1475 Iucundum
548 1443 580 1472 et
591 1447 711 1471 carum
730 1434 857 1469 sterilis
868 1434 946 1469 facit
963 1444 1050 1469 uxor
1063 1433 1224 1468 amicum.

336 1489 404 1525 Sed
418 1494 475 1523 tua
493 1498 587 1522 nunc
601 1485 734 1533 Mycale
747 1485 857 1531 pariat
871 1484 958 1526 licet,
976 1489 1008 1519 et
1020 1494 1145 1530 pueros
1158 1489 1226 1518 tres

334 1539 372 1573 in
386 1537 561 1585 gremium
577 1536 683 1581 patris
698 1534 820 1569 fundat
833 1532 956 1568 simul:
986 1534 1060 1579 ipse
1074 1532 1207 1580 loquaci

336 1587 502 1635 gaudebit
516 1585 615 1627 nid03
645 1584 793 1620 viridem
808 1584 945 1618 thoraca
962 1582 1095 1618 iubebit

337 1636 463 1677 afferri,
480 1634 717 1680 minimasque
730 1645 848 1674 nucea
865 1643 1045 1679 assemque
1061 1637 1233 1679 rogatum,

266 1691 319 1722 145
339 1686 383 1722 ad
397 1696 553 1720 mensam
570 1685 704 1730 quoties
718 1684 890 1730 parasitus
904 1682 1034 1718 venerit
1048 1681 1174 1716 infans.

388 1735 527 1771 Vilibus
540 1734 705 1781 ancipites
721 1733 821 1781 fungi
835 1737 1004 1779 ponentur
1021 1731 1154 1772 amicis,

340 1785 476 1822 boletus
489 1784 630 1820 domino
642 1796 649 1828 ς
679 1784 740 1820 sed
753 1783 892 1831 qualem
907 1781 1073 1819 Claudius
1087 1780 1158 1816 edit
