1252 2025
11 64 15 106 ἕ
406 82 595 112 SATIRA
620 83 663 118 X.
959 78 1020 112 443

10 154 14 184 l
39 150 134 186 febre
150 148 234 184 calet
247 145 335 190 sola3
364 147 570 183 circumsilit
584 149 723 196 agmine
737 147 824 183 sacto

10 202 12 240 ὲ
39 200 237 236 morborum
245 207 347 232 omne
353 207 465 243 genus
476 210 483 232 z
516 208 666 244 quorum
675 198 704 232 si
713 198 852 232 nomina
862 208 1020 244 quaeras,

10 244 13 266 ²
39 249 208 296 promtius
221 245 414 292 expediam,
430 252 514 292 quot
528 247 693 282 amaverit
706 247 830 292 Hippia
844 247 1015 288 moechos,
1044 253 1096 281 220

10 328 12 339 ,
40 302 125 344 quot
139 296 323 331 Themison
339 307 458 343 aegros
473 302 660 331 auctumno
675 296 833 331 occiderit
846 307 929 337 uno,

40 351 125 394 quot
135 344 268 381 Basilus
283 345 404 385 socios,
427 351 512 390 quot
524 346 831 391 circumscripserit
844 346 967 380 Hirrus

9 374 12 418 Ι
41 393 202 442 pupillos,
220 398 306 439 quot
320 392 422 440 longa
436 394 529 428 viros
542 395 722 429 exsorbeat
734 406 806 429 uno

7 441 12 483 i
40 445 156 480 Maura
170 442 237 482 die,
254 448 339 488 quot
353 442 542 488 discipulos
557 443 698 478 inclinet
712 443 900 487 Hamillus;

8 486 11 540 ξ
40 503 237 540 percurram
250 492 364 533 citius,
386 498 471 537 quot
487 492 586 526 villas
602 492 775 537 possideat
788 503 894 533 nunc,
1046 498 1097 526 225

41 553 111 588 quo
123 541 283 577 tondente
299 541 416 588 gravis
434 541 551 575 iuveni
565 541 653 575 mihi
667 541 774 575 barba
789 540 944 575 sonabat.

7 625 9 627 ,
40 591 101 626 Ille
113 591 270 630 humero,
291 591 348 623 hic
362 589 504 630 lumbis,
521 590 577 623 hic
591 601 675 624 coxa
689 589 831 631 debilis;
861 589 981 624 ambos

39 639 188 686 perdidit
202 638 260 673 ille
278 636 407 678 oculos,
423 642 456 672 et
470 637 576 673 luscis
592 638 740 673 invidet:
769 639 877 674 huius

6 686 9 736 ζ
40 688 167 735 pallida
182 687 277 722 labra
292 686 411 720 cibum
423 687 565 731 capiunt
578 686 697 732 digitis
712 686 846 721 alienis.

6 777 8 784 Ι
41 739 119 783 Ipse
132 735 176 770 ad
188 739 411 780 conspectum
423 745 546 769 coenae
563 734 725 769 diducere
738 735 864 770 rictum
1048 741 1100 770 230

43 790 174 826 suetus,
190 784 264 818 hiat
278 788 424 825 tantum,
440 794 502 819 ceu
516 783 635 830 pullus
647 783 860 826 hirundinis,
872 783 915 819 ad
923 795 1028 830 quem

43 846 101 870 ore
115 833 205 869 volat
218 832 321 879 pleno
334 838 443 868 mater
457 833 585 868 ieiuna.
626 833 693 868 Sed
707 834 803 868 omni

5 922 7 927 ,
43 883 280 919 membrorum
295 882 423 918 damno
440 883 549 918 maior
563 882 746 924 dementia,
763 893 853 929 quae
867 893 929 917 nec

5 930 7 982 ζ
43 933 183 969 nomina
197 943 390 973 servorum,
404 943 468 968 nec
481 932 621 967 vultum
636 932 790 979 agnoscit
808 932 922 974 amici,

42 994 123 1019 cum
137 993 208 1029 quo
219 982 398 1028 praeterita
415 982 571 1017 coenavit
586 987 699 1025 nocte;
729 992 792 1016 nec
808 980 899 1023 illos,
1051 987 1102 1015 235

42 1043 130 1078 quos
145 1031 276 1079 genuit,
294 1042 383 1077 quos
397 1031 528 1066 eduxit.
573 1032 662 1066 Nam
677 1031 792 1066 codice
804 1041 907 1066 saevo

42 1081 184 1116 heredes
202 1085 293 1116 vetat
305 1092 381 1116 esse
394 1092 493 1125 suos;
522 1080 612 1116 bona
629 1086 694 1115 tota
707 1080 866 1115 feruntur

42 1130 86 1165 ad
99 1129 260 1165 Phialen:
288 1135 424 1165 tantum
439 1130 578 1165 artificis
592 1129 683 1164 valet
696 1129 824 1163 halitus
838 1128 920 1170 oris,

41 1178 137 1225 quod
154 1183 290 1213 steterat
303 1178 422 1212 multis
437 1179 472 1212 in
487 1188 619 1212 carcere
631 1177 772 1212 fornicis
786 1178 898 1212 annis.

42 1228 85 1262 Ut
101 1227 241 1272 vigeant
252 1236 377 1261 sensus
390 1227 511 1268 animi,
528 1226 684 1262 ducenda
698 1233 813 1262 tamen
827 1231 910 1262 sunt
1049 1231 1101 1260 240

39 1274 161 1311 funera
174 1279 348 1317 natorum,
365 1286 471 1323 rogus
486 1276 731 1323 adspiciendus
745 1281 877 1311 amatae

41 1324 211 1371 coniugis,
227 1329 260 1359 et
275 1323 402 1367 fratris,
419 1325 611 1370 plenaeque
625 1325 802 1360 sororibus
814 1335 936 1359 urnae.

41 1373 129 1408 Haec
142 1373 219 1408 data
233 1384 342 1418 poena
355 1374 417 1406 diu
430 1373 644 1414 viventibus,
663 1378 714 1413 ut,
731 1378 892 1408 renovata

42 1433 176 1468 semper
188 1421 284 1456 clade
297 1421 436 1463 domuS‚
458 1421 580 1456 multis
595 1422 630 1456 in
644 1421 808 1464 luctibus,
827 1423 935 1469 inque

41 1475 205 1517 perpetuo
217 1481 382 1512 moerore,
399 1475 432 1505 et
446 1471 544 1518 nigra
560 1477 652 1506 veste
665 1476 853 1506 senescant.
1049 1475 1100 1505 245

42 1521 116 1555 Rex
128 1520 261 1567 Pylius,
277 1531 405 1568 magno
421 1520 451 1555 si
464 1520 659 1567 quidquam
673 1520 784 1555 credis
796 1521 954 1563 Homero,

43 1569 244 1615 exemplum
257 1569 348 1605 vitae
361 1569 426 1605 fuit
440 1582 458 1604 a
472 1570 607 1605 cornice
619 1569 800 1605 secundae.

43 1617 144 1653 Felix
156 1619 338 1661 nimirum,
355 1620 417 1665 qui
433 1630 494 1665 per
508 1623 555 1654 tot
572 1619 707 1655 saecula
720 1624 867 1655 mortem

43 1665 190 1709 distulit,
210 1673 313 1714 atque
326 1680 408 1704 suos
427 1669 496 1703 iam
510 1669 630 1704 dextra
643 1673 819 1716 computat
833 1679 956 1709 annos⁷

45 1715 180 1762 quique
192 1728 322 1754 novum
335 1719 433 1755 toties
446 1723 606 1754 mustum
619 1719 718 1754 bibit.
746 1718 826 1759 oro,
844 1727 1032 1764 parumper
1050 1723 1101 1751 250

95 1776 252 1813 Icvnmn.
801 1779 832 1814 H
