1406 2047
427 128 614 157 SATIRA
639 129 697 158 VI.
1010 123 1046 156 8⁴

121 193 301 233 Chaldaeis
315 192 375 228 sed
389 193 498 228 maior
511 194 574 228 erit
589 193 732 230 fiducia:
761 192 936 239 quidquid

71 246 196 282 dixerit
210 243 416 290 astrologus,
437 243 575 278 credent
588 255 605 277 a
621 243 712 278 fonte
726 241 871 277 relatum

69 293 289 335 Hammonis,
319 293 485 338 quoniam
501 292 642 338 Delphis
656 291 790 327 oracula
805 295 940 326 cessant
1077 297 1126 323 555

69 350 101 380 et
112 354 224 391 genus
239 342 433 376 humanum
452 341 594 376 damnat
609 341 718 388 caligo
732 339 853 376 futuri.

69 392 278 438 Praecipuus
292 396 407 425 tamen
425 397 475 425 est
491 391 628 432 horum,
650 391 710 437 qui
727 390 865 436 saepius
879 387 992 429 exsul,

68 442 169 476 cuius
187 441 336 475 amicitia
347 440 638 486 conducendaque
652 439 777 474 tabella

68 501 219 537 magnus
232 490 319 524 civis
333 490 405 524 obit
420 495 451 524 et
464 488 669 524 formidatus
683 488 821 523 Othoni.

67 539 152 574 Inde
165 538 250 573 fides
264 539 339 579 arti,
357 539 473 573 sonuit
487 539 516 571 si
531 538 668 573 dextera
683 537 771 571 ferro
1077 542 1128 569 560

68 587 247 634 laevaque,
265 588 294 621 si
309 587 412 634 longo
424 592 614 622 castrorum
633 588 668 621 in
683 596 815 620 carcere
827 585 966 620 mansit.

69 638 178 673 Nemo
192 636 456 672 mathematicus
470 637 613 683 genium
628 635 849 670 indemnatus
863 634 1022 670 habebit:

69 686 130 722 sed
147 686 209 732 qui
223 697 331 732 paene
344 686 443 731 perit,
460 686 516 720 cui
531 687 594 720 vix
607 686 642 720 in
658 684 807 731 Cyclada
821 684 912 718 mitti

70 736 213 781 contigit
226 741 258 769 et
270 746 377 779 parva
390 735 530 769 tandem
543 735 697 769 caruisse
711 733 866 778 Seripho.

71 782 229 818 Consulit
244 783 396 816 ictericae
410 783 501 816 lento
514 783 556 816 de
570 782 688 816 funere
702 783 834 821 matris,
1081 788 1130 815 565

72 836 151 866 ante
165 836 280 865 tamen
294 830 337 865 de
350 836 393 872 te,
411 830 580 876 Tanaquil
596 836 652 865 tua
665 844 672 865 :
702 829 843 876 quando
856 840 1007 865 sororem

71 880 188 916 efferat
205 886 237 914 et
251 884 409 924 patruos3
439 891 482 915 an
495 880 540 914 sit
556 881 710 914 victurus
724 878 858 914 adulter

73 935 151 975 post
175 927 314 974 ipsam‘?
345 928 438 970 Quid
461 929 555 963 enim
580 929 694 963 maius
717 928 799 963 dare
820 929 965 964 numina
980 939 1058 974 pos-

607 976 714 1013 sunt?

122 1026 213 1061 Haec
225 1031 340 1062 tamen
355 1026 502 1073 ignorat,
518 1026 605 1073 quid
623 1027 720 1062 sidus
735 1027 831 1062 triste
842 1027 993 1061 minetur

74 1077 226 1117 Saturni,
241 1087 312 1123 quo
326 1075 411 1110 laeta
425 1077 543 1111 Venus
557 1088 594 1111 se
607 1076 754 1123 proferat
770 1081 872 1117 astro,
1082 1080 1133 1109 570

74 1127 137 1172 qui
155 1137 292 1161 menses
306 1125 446 1166 damno,
463 1137 553 1172 quae
568 1126 693 1160 dentur
706 1131 860 1171 tempora
873 1123 982 1159 lucro.

73 1175 172 1210 Illius
186 1185 349 1210 occursus
366 1174 470 1208 etiam
484 1175 591 1208 vitare
607 1179 792 1214 memento,

74 1225 111 1259 in
125 1223 226 1258 cilius
239 1222 414 1262 manibus,
433 1233 496 1257 ceu
510 1223 657 1269 pinguia
672 1223 825 1264 succina,
845 1223 943 1257 tritas

73 1271 184 1306 cernis
201 1269 459 1316 ephemeridas3
489 1283 579 1317 quae
597 1271 736 1307 nullum
750 1271 910 1313 consulit,
927 1277 959 1307 et
977 1272 1045 1306 iam

72 1319 283 1355 consulitur:
312 1330 413 1365 quae,
429 1326 539 1355 castra
556 1321 632 1356 viro
644 1321 835 1367 patriamve
847 1326 993 1366 petente,
1084 1328 1134 1355 575

74 1380 145 1405 non
160 1368 226 1404 ibit
240 1368 368 1414 pariter
379 1370 535 1404 numeris
550 1375 705 1405 revocata
720 1369 910 1416 Thrasylli.

73 1418 129 1454 Ad
142 1418 297 1464 primum
316 1416 466 1463 lapidem
481 1419 606 1453 vectari
621 1430 733 1464 quum
747 1418 868 1464 placet,
886 1418 970 1454 hora

74 1468 227 1502 sumitur
240 1478 283 1502 ex
297 1466 403 1501 libro:
433 1467 462 1502 si
475 1468 588 1513 prurit
601 1466 722 1502 frictus
736 1467 835 1502 ocelli

76 1516 241 1564 angulus,
258 1517 411 1561 inspecta
425 1517 543 1564 genesi
557 1515 698 1564 collyria
713 1517 835 1563 poscit.

75 1565 188 1613 Aegra
202 1565 280 1600 licet
292 1565 408 1606 iaceat,
425 1565 592 1611 capiendo
609 1565 705 1600 nulla
718 1565 856 1601 videtur
1084 1574 1134 1601 550

75 1615 187 1662 aptior
199 1614 284 1650 hora
297 1615 385 1656 cibo,
403 1615 471 1650 nisi
484 1626 591 1661 quam
609 1614 739 1650 dederit
752 1615 926 1650 Petosiris.

125 1664 164 1699 Si
177 1663 360 1700 mediocris
373 1665 452 1707 erit3
483 1665 635 1710 spatium
649 1664 809 1700 lustrabit
822 1669 1012 1710 utrumque

78 1718 260 1755 metarum,
278 1718 311 1748 et
324 1719 431 1749 sortes
445 1714 556 1755 ducet,
572 1713 790 1761 frontemque
803 1725 1020 1761 manumque

78 1762 255 1808 praebebit
268 1764 339 1799 vati
351 1764 512 1800 crebrum
521 1774 716 1811 poppysma
730 1764 878 1812 roganti.

133 1823 288 1859 lurtum..
889 1824 916 1860 F
