1252 2025
413 97 602 127 SATIRA
628 98 684 126 IX.
978 94 1036 127 103¹,

57 163 202 212 Appula,
219 168 265 198 tot
278 161 404 197 milvos
424 163 509 197 intra
528 169 583 198 tua
598 174 723 210 pascua
739 161 872 197 lassos?
1079 171 1110 197 55

57 215 103 250 Te
116 211 299 248 Trifolinus
314 223 394 258 ager
408 211 564 248 secundis
579 213 709 248 vitibus
723 212 854 258 implet,

57 267 323 309 suspectumque
338 262 461 308 iugum
483 262 617 303 Cumis,
639 268 671 297 et
686 261 824 297 Gaurus
841 262 967 298 inanis.

59 313 142 347 Nam
157 310 236 357 quis
251 310 350 356 plura
368 311 445 346 linit
462 312 595 346 victuro
609 311 699 346 dolia
717 310 859 346 musto?

57 361 228 404 Quantum
243 366 324 401 erat,
348 361 508 396 exhausti
524 361 661 396 lumbos
675 360 803 396 donare
817 360 952 396 clientis

57 410 232 457 iugeribus
246 409 388 455 paucis?
413 410 582 445 Meliusne
597 410 653 445 hic
667 411 818 445 rusticus
835 409 962 451 infans,
1080 417 1112 443 60

56 470 133 494 cum
146 464 255 493 matre
269 465 300 494 et
315 458 442 494 casulis
460 465 581 494 etcum
598 459 711 494 lusore
727 458 859 500 catello,

55 507 211 555 cymbala
227 507 396 553 pulsantis
412 508 563 555 legatum
581 508 636 544 siet
653 507 780 542 amici?

55 557 259 602 »Improbus
273 569 320 595 es.
337 569 448 603 quum
467 558 616 603 poscis«,
635 557 703 591 ais:
732 556 793 591 sed
806 555 928 602 pensio
943 555 1079 591 clamat.

54 607 169 649 Posce:
195 606 256 642 sed
270 606 417 654 appellat
432 618 518 653 puer
536 607 673 646 unicus,
690 610 728 640 ut
741 605 946 653 Polyphemi

53 654 117 689 lata
132 656 231 697 acies,
247 667 308 701 per
323 668 430 702 quam
444 655 564 691 sollers
578 656 687 690 evasit
707 655 839 690 Ulixes.
1081 661 1113 687 65

53 704 146 738 Alter
160 705 328 738 emendus
343 705 422 740 erit:
452 716 604 749 namque
616 705 674 738 hic
691 716 758 738 non
775 704 920 739 sufficit:
949 703 1053 738 ambo

54 752 226 798 pascendi.
272 752 364 794 Quid
377 758 479 799 agant
492 753 616 786 bruma
633 752 807 797 spirante?
833 752 931 797 quid,
947 763 1019 793 oro,

55 801 141 846 quid
155 800 266 835 dicam
285 801 436 847 scapulis
451 812 638 847 puerorum
653 801 826 847 Aquilone
843 801 1023 845 Decembri

53 849 272 895 etpedibus?
298 851 428 885 Durate
442 857 543 895 atque
557 857 750 894 exspectate
767 853 906 885 cicadas
916 849 935 884 ?

53 899 195 938 Verum,
212 904 249 932 ut
264 899 476 941 dissimules,
494 905 532 934 ut
545 901 660 934 mittas
673 905 794 940 cetera,
812 905 943 945 quanto
1081 907 1114 933 70

53 947 183 982 metiris
198 948 318 992 pretio⁷
337 949 443 992 quod,
462 949 497 981 ni
518 949 579 981 tibi
600 949 737 981 deditus
752 960 863 982 essem

53 996 268 1042 devotusque
283 995 402 1035 cliens.
420 1007 508 1030 uxor
527 1002 583 1031 tua
598 997 698 1044 virgo
711 995 888 1031 maneret?

53 1045 126 1080 Scis
141 1051 240 1087 certe,
258 1045 389 1091 quibus
404 1046 466 1080 ista
482 1045 607 1085 modis,
624 1057 730 1091 quam
750 1056 851 1091 saepe
865 1047 1010 1092 rogaris,

53 1099 85 1130 et
103 1106 191 1140 quae
210 1094 398 1141 pollicitus.
440 1094 644 1142 Fugientem
659 1106 761 1140 saepe
775 1093 927 1141 puellam

54 1143 218 1191 amplexu
237 1144 355 1189 rapui:
385 1143 520 1178 tabulas
535 1154 675 1189 quoque
689 1148 838 1189 ruperat,
859 1149 892 1178 et
906 1144 976 1179 iam
1080 1151 1112 1177 75

53 1193 224 1239 signabat.
266 1194 347 1226 Tota
362 1193 423 1226 vix
437 1192 520 1226 haee
535 1203 598 1238 ego
614 1197 709 1226 nocte
724 1192 866 1233 redemi,

51 1246 82 1276 te
100 1241 253 1287 plorante
267 1239 361 1275 foris.
407 1241 516 1275 Testis
531 1241 619 1276 mihi
639 1241 782 1276 lectulus
795 1247 827 1277 et
840 1247 891 1283 m,

51 1289 94 1325 ad
107 1301 212 1336 quem
226 1290 382 1335 pervenit
398 1289 471 1324 lecti
488 1302 595 1325 sonus
609 1296 641 1325 et
655 1291 815 1326 dominae
832 1302 912 1326 vox.

51 1338 212 1374 Instabile
226 1350 264 1373 ac
277 1338 395 1373 dirimi
409 1344 566 1384 coeptum
583 1345 615 1374 et
626 1340 694 1374 iam
708 1351 815 1385 paene
829 1339 985 1374 solutum

51 1389 252 1435 coniugium
267 1388 303 1423 in
323 1387 444 1422 multis
457 1388 620 1422 domibus
635 1389 785 1423 servavit
803 1388 954 1424 adulter!
1080 1398 1112 1423 80

51 1437 126 1480 Quo
139 1444 171 1473 te
184 1438 411 1484 circumagas,
429 1448 518 1483 quae
532 1437 643 1483 prima
658 1443 716 1472 aut
730 1437 853 1473 ultima
871 1449 996 1484 ponas;

54 1487 189 1522 nullum
203 1498 284 1531 ergo
299 1487 460 1521 meritum
476 1491 537 1527 est,
556 1486 689 1534 ingrate
702 1498 740 1521 ac
752 1487 894 1533 perfide,
917 1487 1069 1529 nullum,

52 1536 144 1581 quod
158 1537 219 1571 tibi
235 1535 376 1577 liliolus,
392 1535 488 1581 quod
503 1535 572 1570 fllia
586 1537 740 1571 nascitur
753 1548 796 1572 ex
813 1536 894 1571 me‘?

53 1585 156 1620 Tollis
169 1586 275 1626 enim,
292 1591 323 1620 et
338 1585 434 1620 libris
450 1590 601 1620 actorum
616 1597 778 1633 spargere
793 1585 924 1634 gaudes

53 1640 253 1681 argumenta
268 1635 345 1671 viri.
386 1635 533 1670 Foribus
547 1635 721 1682 suspende
733 1646 893 1679 coronas;
1077 1642 1109 1670 85

52 1682 120 1718 iam
133 1690 226 1730 pater
243 1696 299 1720 es:
321 1684 493 1726 dedimus,
504 1685 599 1731 quod
607 1685 895 1732 famaeopponere
901 1686 1032 1731 possis:

52 1733 125 1768 iura
140 1735 290 1780 parentis
304 1735 429 1778 habes:
458 1740 596 1782 propter
608 1747 664 1772 me
677 1736 837 1772 scriberis
851 1735 968 1778 heres3
