1406 2047
336 130 377 164 42
682 130 959 161 IUVENALIS

333 198 429 242 Quae
442 208 546 233 causa
562 197 690 233 officii?
719 198 809 240 Quid
823 196 986 243 quaeris?
1011 199 1106 232 nubit
1119 200 1264 241 amicus,

261 256 311 284 135
331 260 392 283 nec
405 250 528 283 multos
545 250 693 283 adhibet.
722 248 839 282 Liceat
856 251 953 282 modo
966 251 1095 282 vivere:
1122 250 1214 292 fient,

334 302 417 343 sient
431 301 497 332 ista
509 299 638 341 palam,
657 301 791 339 cupient
806 302 836 330 el
851 299 885 330 in
900 302 979 331 acta
996 299 1120 341 referri
1124 324 1129 330 .

331 348 467 383 Interea
483 352 683 380 tormentum
698 348 815 389 ingens
828 347 1026 380 nubentibus
1039 348 1165 387 haeret,

334 399 424 441 quod
439 401 606 439 nequeunt
617 406 742 438 parere
757 401 787 429 et
798 401 905 438 partu
918 398 1063 429 retinere
1079 398 1234 430 maritos.

336 446 403 480 Sed
418 447 548 484 melius,
563 447 653 488 quod
668 447 718 478 nil
735 447 860 479 animis
874 447 909 478 in
925 456 1064 488 corpore
1078 447 1166 480 iuris

263 500 313 529 ¹40
333 501 461 529 ’latura
476 496 641 538 indulyet.
682 494 824 529 Steriles
839 498 1036 534 morientur,
1052 500 1083 528 et
1096 496 1167 529 illis

335 546 473 587 turyitla
485 555 549 577 non
556 547 695 587 prodest
710 546 846 589 condita
857 547 987 587 pyoeicle
1001 544 1104 587 Lyde,

335 605 395 628 nec
407 596 544 636 prodest
557 595 644 637 ayili
653 595 789 636 palmas
800 595 964 637 praebere
979 593 1144 636 Luperco.

385 642 473 676 Vicit
491 647 523 676 et
537 642 601 677 hoc
620 648 814 677 monstrum
831 642 971 676 tunicati
990 641 1123 676 fuscina
1138 640 1295 681 Gracchi,

335 691 564 737 lustravitque
578 691 659 740 suga
676 692 825 727 mediam
843 691 1011 739 gladiator
1026 702 1178 734 arenam,

265 746 314 776 ¹45
336 746 368 776 et
382 741 586 786 Capitolinis
599 743 798 788 generosior
811 747 842 776 et
858 741 1027 776 Marcellis

333 795 366 825 et
383 789 528 830 Catulis,
545 790 748 835 Paullisque
762 791 958 824 minoribus
972 795 1005 824 et
1017 788 1136 823 Fabiis
1149 792 1182 821 et

334 838 500 874 omnibus
520 838 563 872 ad
581 838 726 884 podium
742 835 990 881 spectantibus.
1045 837 1104 870 His
1119 835 1196 871 licet
1210 834 1324 881 ipsum

335 888 532 927 admoveas,
550 886 651 920 cuius
664 890 747 919 tunc
761 896 905 919 munere
925 885 1008 919 retia
1026 885 1135 919 misit.

386 937 471 971 Esse
484 935 618 982 aliquid
633 935 751 969 Manes
766 938 798 969 et
811 934 1033 969 subterranea
1051 945 1170 982 regna,

266 995 315 1022 150
335 992 367 1022 et
379 992 534 1027 contum,
553 990 586 1020 et
598 985 720 1032 Stygio
736 996 838 1019 ranas
852 985 886 1019 in
901 984 1039 1032 gurgite
1053 984 1183 1031 nigras,

337 1041 440 1082 atque
456 1047 525 1070 una
540 1036 687 1070 transire
702 1035 832 1070 vadum
848 1039 894 1069 tot
907 1034 1017 1069 millia
1031 1034 1169 1081 cymba,

338 1096 401 1120 nec
420 1085 516 1130 pueri
538 1084 694 1126 credunt,
718 1085 784 1119 nisi
806 1085 868 1131 qui
893 1084 1048 1119 nondum
1063 1095 1139 1119 aere
1153 1083 1325 1118 lavantur.

338 1134 406 1169 Sed
421 1140 458 1168 tu
472 1145 552 1168 vera
567 1140 668 1179 puta:
698 1134 828 1169 Curius
841 1135 929 1180 quid
942 1135 1057 1175 sentit,
1075 1139 1107 1168 et
1121 1133 1224 1168 ambo

337 1183 526 1229 Scipiadae,
545 1183 632 1228 quid
647 1183 826 1216 Fabricius
842 1194 1032 1228 manesque
1045 1182 1196 1222 Camilli,

267 1242 317 1269 155
337 1233 423 1279 quid
437 1233 616 1267 Cremerae
636 1231 735 1278 legio,
762 1237 793 1266 et
808 1231 938 1266 Cannis
952 1237 1133 1265 consumta
1148 1231 1324 1265 iuventus.

339 1288 386 1317 tot
400 1281 571 1321 bellorum
586 1281 734 1322 animae,
757 1281 891 1326 quoties
906 1281 988 1315 hinc
1003 1280 1080 1314 talis
1096 1280 1138 1314 ad
1160 1279 1235 1313 illos

341 1331 467 1367 umbra
480 1330 599 1365 venit?
625 1330 798 1375 Cuperent
812 1329 962 1371 lustrari,
980 1330 1007 1363 si
1023 1341 1091 1375 qua
1105 1329 1268 1364 darentur

340 1380 511 1426 sulphura
524 1390 605 1414 cum
618 1379 739 1419 taedis,
757 1379 832 1413 etsi
849 1378 933 1414 soret
946 1378 1091 1413 humida
1106 1377 1238 1413 laurus.

341 1430 428 1465 Illuc
441 1430 527 1464 heu!
557 1429 674 1463 miseri
690 1428 918 1463 traducimur.
964 1428 1069 1463 Arma
1084 1427 1225 1474 quidem
1240 1428 1328 1464 ultra

270 1487 320 1515 160
342 1480 439 1514 litora
455 1480 621 1513 Iuvernae
634 1478 886 1524 promovimus,
904 1483 935 1512 et
952 1477 1054 1512 modo
1067 1483 1182 1523 captas

341 1528 503 1569 Orcadas,
519 1539 558 1562 ac
571 1528 716 1562 minima
731 1533 908 1562 contentos
921 1533 1017 1563 nocte
1029 1527 1227 1563 Britannos:

341 1577 403 1613 sed
416 1589 506 1624 quae
521 1589 614 1612 nune
627 1577 746 1623 populi
764 1577 852 1612 fiunt
864 1578 1001 1613 victoris
1014 1578 1049 1612 in
1064 1577 1162 1618 urbe,

344 1638 412 1662 non
428 1626 558 1662 faciunt
572 1626 635 1668 illi,
653 1638 742 1673 quos
757 1627 920 1662 vicimus.
963 1627 1006 1662 Et
1018 1632 1131 1662 tamen
1146 1638 1240 1662 unus

342 1677 530 1712 Armenius
545 1677 676 1712 Zalates
689 1678 822 1712 cunctis
836 1682 993 1712 narratur
1009 1676 1153 1723 ephebis

272 1733 323 1761 165
343 1726 481 1761 mollior
495 1726 627 1762 ardenti
642 1738 715 1762 sese
729 1727 918 1762 indulsisse
930 1727 1096 1762 Tribuno.

345 1775 505 1823 Adspice,
525 1777 612 1824 quid
626 1776 753 1813 faciant
766 1777 988 1813 commercia!
1018 1776 1164 1813 Venerat
1176 1775 1288 1811 obsoe.
