1406 2047
409 134 599 164 SATIRA
629 133 683 162 V'I.
1007 130 1051 166 27

66 200 214 248 frigidus
228 201 403 234 excutitur
415 201 523 235 cim's:
552 211 591 235 ac
605 200 674 235 iam
688 198 847 246 postibus
863 210 972 240 arma,
1088 206 1122 235 45

68 251 136 284 iam
151 248 357 296 chlamydas
368 261 506 297 regum,
523 250 593 284 iam
607 249 696 284 lutea
708 259 864 296 gausapa
875 249 998 295 captis,

65 297 265 344 essedaque,
283 298 515 347 ingentesque
527 299 615 334 locat
627 299 792 334 Caesonia
805 298 954 333 Rhenes.

65 349 125 382 Dis
139 347 247 394 igitur
259 350 433 395 genioque
446 349 545 384 ducis
558 354 697 383 centum
711 348 819 394 paria,
838 347 882 382 ob
895 358 951 382 res

63 397 200 443 egregie
212 403 339 444 &stas
357 398 493 434 indueo.
511 418 561 425 —
572 397 661 440 Quis
675 397 789 432 vetat?
813 396 920 432 aude!

66 446 145 487 Vae,
163 447 230 481 nisi
244 448 428 483 connives!
444 447 631 482 —Oleum
647 452 885 492 artocreasque
898 444 1033 491 popello
1091 453 1124 479 50

67 494 210 542 largior:
232 507 278 532 an
291 497 480 542 prohibes?
490 517 539 523 -
552 496 613 530 Dic
629 495 739 530 clare!
755 514 804 521 —
817 495 895 530 Non
907 497 1003 537 adeo,
1021 495 1075 529 in-

597 555 689 590 quis.
702 563 752 570 —-

65 593 255 629 Exossatus
268 605 349 641 ager
362 595 459 629 iuxta
472 598 533 628 est.
571 592 656 640 Age,
672 593 703 627 si
715 592 805 627 mihi
817 591 917 627 nulla

65 643 133 677 iam
146 642 280 689 reliqua
293 655 337 678 ex
351 644 479 683 amitis,
500 642 666 688 patruelis
681 641 789 683 nulla,
805 642 983 687 proneptis

66 691 162 726 nulla
175 698 290 727 manet
304 692 431 738 patrui,
448 691 574 726 sterilis
587 696 769 726 matertera
785 690 884 730 vixit,

66 740 177 786 deque
191 742 267 776 avia
283 741 434 776 nihilum
449 746 621 787 superest:
650 740 772 775 accedo
785 739 935 774 Bovillas
1093 746 1125 772 55

67 788 270 835 clivumque
306 790 350 824 ad
387 790 505 825 Virbi:
546 794 682 834 praesto
713 794 764 822 est
794 789 881 822 mihi
915 788 1053 821 Manius

600 837 713 870 heres.
723 850 740 869 «
752 856 802 862 —

68 887 246 931 Proqenies
266 884 404 920 terrae?
411 905 459 911 —
473 898 489 918 ι)
497 884 629 927 Quaere
636 896 678 919 ex
687 896 752 925 me,
765 884 844 931 quis
855 884 941 919 mihi
950 895 1054 930 quar-

599 939 656 968 tus

69 984 115 1018 sit
128 988 241 1030 pater:
264 982 359 1018 haud
376 987 545 1029 prompte,
562 982 673 1017 dicam
689 987 813 1017 tamen.
841 981 939 1016 Adde
949 982 1054 1017 etiam

600 1043 726 1072 unum,

71 1092 186 1117 unum
204 1081 307 1116 etiam
323 1094 329 1115 :
358 1085 467 1115 terrae
479 1085 531 1115 est
543 1080 611 1115 iam
627 1079 731 1114 filius.
777 1079 821 1113 Et
834 1077 921 1113 mihi
937 1078 1006 1113 ritu

69 1131 208 1165 Manius
222 1130 279 1164 hic
294 1130 430 1176 generis
444 1140 551 1175 prope
564 1129 673 1163 maior
687 1127 883 1163 avunculus
897 1128 980 1162 exit.
995 1148 1043 1154 —
1093 1134 1125 1162 50

68 1179 135 1222 Qui
153 1180 247 1225 prior
261 1190 308 1218 eS,
325 1189 386 1211 cur
401 1189 457 1212 me
471 1179 508 1212 in
521 1177 669 1212 decursu
686 1176 844 1222 lampada
857 1176 994 1223 poscis‘?

69 1229 153 1263 Sum
169 1227 231 1261 tibi
245 1226 455 1261 Mercurius:
483 1227 586 1262 venio
600 1226 687 1261 deus
699 1226 769 1260 huc
782 1237 856 1273 ego.
877 1231 915 1260 ut
930 1225 987 1261 ille

68 1276 236 1323 pingitur.
276 1275 328 1310 An
345 1274 490 1310 renuis?
514 1276 582 1311 Vin
596 1280 634 1310 tu
647 1275 798 1322 gaudere
811 1275 937 1310 relictis
947 1275 989 1308 5³«
1001 1295 1050 1300 —

68 1327 166 1361 Deest
181 1327 317 1369 aliquid
329 1335 554 1360 summae..—
568 1325 704 1359 »Minui
719 1325 824 1360 mihi:
853 1324 915 1359 sed
928 1324 990 1358 tibi
1004 1329 1056 1358 to-

600 1379 677 1408 tum
691 1379 753 1414 est,

68 1421 244 1470 quidquid
260 1421 296 1457 id
309 1425 369 1457 est.
391 1421 457 1457 Ubi
469 1422 526 1463 sit,
541 1421 623 1469 fuge
640 1432 816 1467 quaerere,
832 1421 928 1468 quod
941 1422 1029 1457 mihi

602 1471 781 1516 quondam
1094 1478 1127 1506 65

69 1521 198 1568 legarat
211 1519 337 1561 Staius,
358 1529 423 1554 neu
440 1518 530 1554 dicta
544 1531 669 1565 repone
682 1524 840 1565 paterna:

70 1569 216 1605 foenoris
231 1569 366 1613 accedat
381 1580 529 1604 merces:
558 1569 641 1604 hinc
654 1569 768 1604 exime
781 1573 955 1615 sumptus.
965 1582 982 1602 α
995 1589 1044 1594 —

73 1619 163 1662 Quid
179 1621 349 1664 reliquum
362 1617 436 1654 est?
448 1639 498 1644 —
510 1617 748 1664 »Reliquum5'
773 1619 875 1652 Nunc
887 1619 1055 1654 nuncim—

602 1667 746 1713 pensius
764 1677 869 1714 unge,

71 1727 164 1763 unge
175 1727 261 1762 puer
273 1716 398 1752 caules.
442 1716 528 1751 Mihi
543 1715 626 1751 festa
641 1716 717 1751 luce
730 1722 898 1763 coquatur

73 1766 191 1807 urtica,
208 1771 241 1801 et
255 1765 335 1801 fissa
348 1766 525 1801 fumosum
540 1766 689 1813 sinciput
703 1776 800 1806 aure⁷
1095 1771 1127 1797 70
