1406 2047
352 109 413 142 116
701 112 978 142 IUVENALIS

348 178 528 213 concessit.
574 176 745 212 Necathic
763 176 872 220 serr03
902 183 991 213 secat
1006 177 1063 214 ille
1075 179 1227 214 cruentis

346 227 568 266 verberibus;
598 226 769 272 quosdam
784 226 944 262 moechos
957 233 989 263 et
1002 228 1145 275 mugilis
1160 229 1274 264 intrat.

349 275 416 311 Sed
429 280 511 310 tuus
528 275 729 322 Endymion
743 275 885 311 dilectae
903 276 958 311 fiet
971 277 1104 312 adulter

346 330 539 360 matronae:
569 336 652 360 mox
667 337 779 371 quum
793 325 923 360 dederit
939 325 1081 361 Servilia
1096 337 1234 367 numOS,

275 381 326 409 320
348 374 404 409 fiet
417 378 449 409 et
464 373 571 416 illius,
589 385 696 420 quam
711 386 779 410 non
795 379 903 410 amat:
933 381 1034 410 exuet
1046 386 1185 410 omnem

347 424 500 469 corporis
514 428 689 458 ornatum.
730 423 823 467 Quid
836 424 930 459 enim
944 423 1015 459 ulla
1029 425 1204 471 negaverit
1217 423 1297 459 udis

347 472 568 519 inguinibus,
589 473 663 508 sive
677 477 728 508 est
742 474 826 509 haec
839 473 950 520 Oppia
961 474 1035 508 sive
1049 472 1207 509 Catulla‘?

349 522 501 557 Deterior
515 526 599 557 totos
615 522 717 557 habet
732 522 802 557 illic
815 522 944 558 femina
959 533 1084 558 mores·

347 570 438 606 »Sed
456 576 550 606 casto
568 571 655 617 quid
670 571 777 607 forma
799 571 942 607 nocet‘?«
975 571 1068 614 Quid
1085 570 1213 617 profuit
1227 571 1336 606 immo

275 626 326 654 325
346 620 533 667 Hippolyto
551 631 658 667 grave
681 620 922 668 propositum?
953 621 1040 667 quid
1059 619 1337 667 Bellerophonti?

347 670 499 704 Erubuit
511 681 634 716 nempe
647 670 742 711 haec,
758 682 820 706 ceu
835 670 997 711 fastidita,
1015 670 1166 715 repulsa.

347 720 417 753 Nec
424 718 636 753 Stheneboea
646 720 776 759 minus,
789 730 895 763 quam
904 719 1039 757 Cressa,
1055 718 1251 760 excanduit,
1261 723 1338 753 etse

347 777 551 802 concussere
566 767 700 802 ambae.
745 766 870 802 Mulier
887 766 1090 801 saevissima
1103 770 1186 800 tunc
1199 772 1261 806 est,

348 827 460 862 quum
475 815 636 850 stimulos
650 815 728 850 odio
735 815 848 859 pudor
856 815 1024 851 admovet.
1046 814 1156 860 Elige,
1167 813 1335 859 quidnam

275 872 328 900 330
348 863 569 900 suadendum
583 873 658 897 esse
672 867 785 908 putes,
803 866 858 897 cui
876 865 1006 897 nubere
1019 862 1174 897 Caesaris
1188 874 1277 899 uxor

347 911 519 950 destinat?
544 911 706 958 Optimus
721 912 788 954 hic,
810 917 843 947 et
860 911 1132 947 formosissimus
1147 911 1240 948 idem

348 960 461 1011 gentis
476 962 649 1008 patriciae,
666 962 799 1008 rapitur
812 962 917 997 miser
930 961 1206 1009 exstinguendus

348 1012 555 1048 Messalinae
568 1011 697 1046 oculis:
727 1011 863 1047 dudum
877 1011 970 1047 sedet
989 1011 1046 1046 illa
1061 1016 1177 1057 parato

348 1061 555 1102 flammeolo,
573 1062 772 1109 Tyriusque
787 1061 902 1108 palam
915 1060 1061 1109 genialis
1076 1061 1112 1095 in
1126 1060 1235 1096 hortis

277 1117 329 1146 335
349 1111 524 1152 sternitur,
541 1116 574 1145 et
586 1112 654 1146 ritu
671 1111 782 1146 decies
796 1116 936 1147 centena
951 1111 1128 1146 dabuntur

350 1161 510 1206 antiquo;
541 1160 655 1194 veniet
673 1171 752 1194 cum
768 1161 1004 1207 signatoribus
1017 1170 1159 1205 auspex.

350 1211 439 1245 Haec
452 1213 489 1244 tu
503 1213 629 1243 secreta
648 1213 680 1243 et
693 1210 812 1254 paucis
828 1210 1013 1244 commissa
1028 1207 1200 1254 putabas‘?

349 1259 440 1299 Non,
459 1258 527 1293 nisi
542 1257 707 1304 legitime,
725 1258 800 1293 vult
812 1258 954 1292 nubere.
996 1257 1089 1299 Quid
1107 1256 1247 1300 placeat,
1265 1256 1336 1291 dic:

352 1308 388 1343 ni
403 1318 521 1353 parere
535 1307 637 1347 velis,
651 1307 869 1353 pereundum
886 1307 948 1342 erit
966 1311 1043 1341 ante
1056 1304 1213 1340 lucernas
1227 1318 1232 1338 :

281 1362 332 1392 340
353 1358 383 1392 si
403 1356 517 1390 scelus
535 1355 710 1396 admittas,
730 1356 870 1390 dabitur
890 1367 984 1389 mora
999 1353 1154 1399 parvula,
1171 1353 1255 1388 dum
1272 1365 1324 1389 res

352 1411 432 1441 nota
448 1404 530 1440 Urbi
545 1408 577 1438 et
590 1402 730 1449 populo,
747 1403 922 1450 contingat
933 1403 1103 1448 Principis
1118 1413 1230 1437 aures.

352 1454 506 1490 Dedecus
521 1452 579 1488 ille
593 1453 718 1488 domus
734 1453 816 1487 sciet
829 1452 993 1487 ultimus:
1023 1452 1149 1487 interea
1163 1457 1200 1487 tu

353 1504 545 1550 obsequere
559 1503 717 1548 imperio,
735 1502 763 1536 si
780 1502 863 1536 tanti
878 1502 946 1536 vita
961 1501 1095 1536 dierum

353 1564 558 1600 paucorum.
604 1551 785 1597 Quidquid
801 1551 912 1586 levius
930 1550 1125 1597 meliusque
1142 1551 1286 1596 putaris,

284 1609 334 1638 345
355 1602 553 1650 praebenda
571 1606 622 1636 est
634 1600 751 1648 gladio
768 1600 887 1647 pulcra
901 1600 985 1636 haec
1001 1605 1034 1636 et
1045 1599 1190 1635 candida
1209 1600 1338 1634 cervix.

405 1651 487 1686 »Nil
502 1662 583 1699 ergo
600 1651 769 1697 optabunt
781 1649 985 1686 homines?«
1016 1649 1051 1685 Si
1067 1649 1253 1684 consilium
1273 1649 1339 1687 vis,

355 1701 532 1748 permittes
549 1701 634 1747 ipsis
647 1700 840 1747 expendere
854 1699 1070 1740 numinibus,
1087 1698 1174 1745 quid

356 1752 537 1787 conveniat
553 1750 665 1793 nobis,
682 1751 858 1798 rebusque
871 1751 916 1786 sit
928 1749 1010 1785 utile
1023 1754 1159 1785 nostris.
