1373 2036
401 113 592 143 sA'rIRA
617 113 705 144 vm.
1006 111 1047 145 93

55 180 121 215 hos
137 184 214 214 ante
225 176 356 225 effigies
371 180 543 214 maiorum
560 191 648 226 pone
665 186 823 215 tuorum:

55 227 257 276 praecedant
273 229 366 273 ipsas
383 229 432 263 illi
447 235 478 264 te
489 229 643 265 Consule
657 230 773 277 virgas
787 245 794 266 ε

55 279 168 326 prima
188 277 275 312 mihi
291 278 394 313 debes
409 279 516 313 animi
530 279 634 314 bona.
662 279 808 314 Sanctus
823 278 942 314 haberi

54 327 275 374 iustitiaeque
289 333 390 362 tenax
407 328 503 362 factis
520 328 692 374 dictisque
706 328 872 363 mereris?

54 387 202 424 agnosco
214 388 404 422 procerem.
445 377 557 419 Salve,
576 378 762 417 Gaetulice,
781 389 843 412 seu
857 383 894 412 tu

53 426 205 467 Silanus,
223 438 446 473 quocumque
465 427 531 462 alio
546 427 588 462 de
606 428 796 475 sanguine!
826 439 925 462 rarus

53 476 139 510 civis
154 481 185 510 et
199 477 359 523 egregius
377 478 506 524 patriae
516 478 688 524 contingis
703 477 830 511 ovanti.

51 524 256 560 Exclamare
272 526 364 567 libet,
384 526 536 572 populus
549 526 643 572 quod
655 526 792 566 clamat,
815 525 907 560 Osiri

51 575 206 610 invento.
248 574 334 617 Quis
348 576 441 610 enim
454 586 660 622 generosum
677 575 803 609 dixerit
818 574 922 615 hunc,
939 575 1001 621 qui

51 623 220 673 indignus
234 635 358 672 genere
372 630 433 665 est,
452 624 624 670 praeclaro
638 624 779 658 nomine
793 629 928 658 tantum

52 673 226 720 insignis?
252 675 391 707 Nanum
406 673 590 708 cuiusdam
608 673 746 708 Atlanta
760 684 939 714 vocamus,

53 722 256 767 Aethiopem
271 732 434 768 cycnum,
451 733 596 767 pravam
610 728 851 768 extortamque
863 721 1016 769 puellam

51 771 234 815 Europen:
263 770 409 804 canibus
424 771 532 817 pigris
547 772 732 817 scabieque
751 777 882 806 vetusta

54 819 192 855 levibus
206 824 238 853 et
251 819 359 854 siccae
377 819 614 854 lambentibus
629 831 687 854 ora
701 820 860 855 lucernae

53 880 181 905 nomen
196 869 258 902 erit
272 869 382 915 tigriS.
404 869 545 914 pardus,
562 868 625 909 leo,
644 870 673 904 si
689 869 776 915 quid
789 869 902 905 adhuc
916 876 977 911 est,

54 918 149 965 quod
166 917 280 952 fremit
294 919 327 952 in
348 919 446 953 terris
459 918 658 953 violentius.
698 920 792 967 Ergo
805 919 942 954 cavebis

53 973 86 1004 et
104 973 248 1009 niemez
266 978 309 1002 ne
323 972 361 1002 tu
379 968 427 1002 sis
446 968 600 1003 Creticus
615 973 674 1003 aut
691 969 905 1003 Camerinus.

24 1012 35 1019 “
104 1017 166 1052 His
191 1028 254 1064 ego
273 1028 379 1063 quem
404 1017 549 1053 monui‘?
587 1019 716 1053 Tecum
742 1024 791 1053 est
804 1018 891 1053 mihi
916 1029 1041 1061 sermo,

588 1067 726 1102 Rubelli

52 1115 192 1152 Blande.
231 1115 359 1151 Tumes
374 1116 440 1152 alto
454 1117 645 1151 Drusorum
658 1117 840 1164 sanguine,
857 1121 1036 1163 tamquam

53 1165 172 1200 feceris
191 1165 424 1211 ipsealiquid‚
439 1170 578 1211 propter
595 1166 689 1211 quod
705 1165 833 1200 nobilis
846 1177 952 1207 esses,

52 1220 92 1250 ut
105 1220 137 1249 te
150 1215 352 1260 conciperet,
368 1225 458 1260 quae
474 1215 645 1262 sanguiue
658 1214 767 1262 fulget
781 1215 859 1257 Iuli,

51 1273 121 1298 non
136 1273 225 1309 quae
238 1267 381 1298 ventoso
395 1263 562 1298 conducta
578 1264 645 1299 sub
659 1276 783 1311 aggere
795 1265 892 1300 texit.

51 1312 120 1348 Vos
134 1311 299 1353 humiles,
317 1312 448 1358 inquis,
466 1313 567 1359 vulgi
582 1325 662 1359 pars
677 1314 800 1348 ultima
816 1315 937 1354 nostri,

51 1371 204 1408 quorum
220 1371 322 1395 nemo
335 1367 438 1406 queat
456 1362 602 1407 patriam
616 1368 809 1397 monstrare
825 1363 995 1408 parentis;

53 1415 105 1446 ast
117 1421 180 1457 ego
195 1410 411 1455 Cecropides.
454 1410 568 1452 Vivas,
586 1416 618 1445 et
631 1411 776 1457 originis
790 1412 897 1446 huius

51 1460 181 1508 gaudia
201 1459 303 1506 longa
318 1459 424 1502 feras3
453 1464 569 1494 tamen
585 1460 653 1495 ima
668 1460 767 1506 plebe
784 1460 951 1503 Quiritem

52 1509 244 1545 facundum
258 1509 432 1544 invenies:
462 1509 547 1544 solet
560 1509 618 1543 hie
631 1509 810 1545 defendere
822 1521 944 1546 causas

53 1558 182 1594 nobilis
197 1558 338 1593 indocti.
379 1558 501 1593 Veniet
516 1558 558 1593 de
572 1558 671 1605 plebe
684 1564 808 1606 togata,

54 1608 117 1654 qui
131 1608 217 1643 iuris
237 1607 345 1642 nodos
359 1612 391 1642 et
406 1607 523 1654 legum
537 1609 729 1655 aenigmata
743 1608 866 1643 solvat.

53 1658 118 1693 Hic
129 1658 214 1703 petit
226 1657 428 1703 Euphraten
445 1658 582 1692 iuvenis
595 1657 787 1704 domitique
799 1659 917 1694 Batavi

55 1706 214 1742 custodes
229 1706 377 1753 aquilas,
395 1707 501 1741 armis
516 1706 727 1743 industrius:
758 1713 791 1742 at
804 1713 842 1742 tu

58 1755 108 1791 nil
121 1756 190 1792 nisi
203 1756 419 1804 Cecropides,
434 1762 627 1803 truncoque
639 1757 842 1793 simillimus
857 1758 1013 1792 Hermae.

1085 335 1118 363 25

1084 581 1117 608 30

1084 828 1117 856 35

1082 1123 1116 1152 40

1081 1368 1115 1398 45

1082 1616 1114 1644 50

1352 403 1359 418 ‹-
